2650 3918
143 191 284 269 412-44.
373 201 419 248 na
441 201 554 248 Burro
574 193 726 248 autrico
749 195 859 250 court.
887 201 945 248 vrr.
1078 186 1140 271 '157

142 350 222 408 idem
237 343 332 409 ¹facere
347 341 457 427 cogunt
468 369 528 422 eos,
543 352 593 430 qui
608 351 777 427 negotiandi
791 368 880 410 causa
894 351 933 409 ibi
945 350 1141 410 constiterant
1241 355 1247 362 ‘

144 448 212 508 Hos
248 451 393 510 continuo
428 451 458 508 in
493 451 592 509 itinere
627 451 721 510 adorti
755 449 892 508 omnibus
926 450 1142 526 impedimentis

141 557 270 621 exuunt;
306 559 503 624 repugnantes
535 549 612 607 diem
644 560 819 625 noctemque
849 547 1001 620 obsident;
1044 547 1142 609 multis

143 645 288 722 utrimque
307 647 621 706 interfectimaior'em
639 647 852 706 multitudinem
874 656 1051 704 armatorum
1070 664 1141 705 con·

144 745 241 802 citant.
285 751 336 804 43.
359 746 479 804 Interim
499 746 601 804 nuntio
624 746 718 817 allatu,
740 762 844 805 omnes
865 762 966 802 eorum
986 745 1091 829 milites
1111 745 1168 817 in5

143 852 288 918 potestate
322 842 455 903 Caesaris
485 845 585 914 teneti,
617 853 792 902 concurrunt
824 844 862 904 ad
893 843 1040 914 Aristium,
1071 841 1141 902 nihil

143 940 261 1016 publico
276 941 384 1000 factum
402 942 524 1002 consilio
539 925 740 1000 demonstrant
749 961 758 1014 ;
780 943 983 1017 quaestionem
1003 941 1041 999 de
1054 941 1141 999 bonis

148 1037 266 1115 direptis
294 1041 463 1112 decernunt,
493 1040 632 1100 Litavicci
660 1038 839 1116 fratrumque
873 1043 952 1099 bona
984 1040 1140 1116 publicant,

144 1135 257 1213 legatos
285 1139 323 1196 ad
349 1138 506 1198 Caesarem
534 1139 579 1198 sui
594 1127 746 1216 'purgandi
771 1141 865 1215 gratia
888 1140 1012 1198 mittunt.
1056 1138 1141 1197 Haec

144 1233 253 1294 faciunt
286 1238 543 1314 reciperandorum
576 1255 696 1296 suorum
730 1253 836 1310 causat
873 1237 925 1297 sed
953 1237 1139 1296 contaminati
1157 1261 1186 1296 ro

144 1331 272 1393 facinore
287 1345 315 1394 et
330 1337 406 1412 capti
421 1336 598 1412 compendio
613 1355 649 1394 ex
665 1335 782 1412 direptis
796 1337 890 1409 bonis,
902 1336 979 1413 quod
995 1354 1029 1393 ea
1043 1353 1089 1394 res
1103 1335 1141 1394 ad

144 1431 252 1491 multos
272 1434 443 1509 pertinebat,
461 1435 567 1493 timore
588 1453 702 1512 poenae
724 1434 848 1493 exterriti
866 1434 987 1494 consilia
1007 1435 1082 1492 clam
1103 1433 1139 1492 de

143 1530 221 1590 bello
242 1519 314 1590 inire
335 1532 477 1610 incipiunt
498 1534 685 1609 civitatesque
706 1532 830 1609 reliquas
852 1533 1047 1609 legationibus
1063 1532 1139 1591 solli-

143 1629 239 1687 citant.
284 1628 369 1700 Quae
403 1632 517 1690 tametsi
552 1630 661 1690 Caesar
691 1630 883 1707 intellegebat,
918 1643 1017 1690 tamen
1050 1649 1140 1708 quam

143 1727 296 1788 mitissime
317 1737 414 1805 potest
435 1729 547 1805 legatos
570 1730 713 1806 appellat:
742 1729 812 1788 nihil
830 1749 861 1790 se
880 1741 999 1807 propter
1015 1729 1139 1788 inscien·
1155 1750 1183 1801 15

141 1826 212 1884 tiam
226 1826 427 1902 levitatemque
443 1828 519 1904 vulgi
532 1829 647 1904 gravius
669 1829 705 1887 de
720 1829 834 1908 civitate
847 1830 978 1888 ‘iudicare
992 1847 1088 1905 neque
1102 1827 1140 1887 de

142 1942 195 1983 sua
227 1925 258 1982 in
292 1925 413 1984 Aeduos
446 1927 649 1986 benevolentia
681 1927 856 1998 deminuere.
899 1926 968 2004 Ipse
998 1927 1139 1986 maiorem

141 2021 254 2082 Galliae
275 2035 389 2083 motum
410 2034 592 2103 exspectans,
617 2044 655 2084 ne
677 2028 714 2084 ab
737 2026 874 2085 omnibus
899 2025 1059 2084 civitatibus
1084 2025 1138 2084 cir·

142 2123 364 2194 cumsisteretur,
390 2123 511 2182 consilia
534 2123 632 2195 inibat,
657 2124 906 2200 quemadmodum
930 2125 967 2182 ab
993 2122 1139 2199 Gergovia

140 2220 302 2279 diseederet
335 2240 371 2280 ⁴ac
407 2240 504 2281 rursus
540 2239 659 2280 omnem
689 2223 846 2281 exercitum
879 2222 1068 2292 contraheret,
1100 2239 1138 2279 ne
1153 2242 1184 2278 ao

141 2319 283 2394 profectio
306 2329 375 2378 nata
393 2323 430 2379 ab
449 2323 554 2380 timore
573 2320 744 2380 defectionis
764 2321 864 2380 similis
883 2321 970 2396 fugae
987 2320 1136 2379 videretur.

141 2426 194 2479 44.
215 2422 300 2482 Haec
315 2423 454 2499 cogitanti
469 2424 600 2483 accidere
612 2425 673 2482 visa
687 2433 730 2482 est
740 2422 860 2484 facultas
874 2424 950 2481 bene
964 2422 1004 2480 rei
1014 2421 1137 2498 gerend·
1179 2476 1182 2484 .

141 2538 183 2579 ae.
227 2520 307 2580 Nam
329 2540 396 2580 cum
414 2523 445 2580 in
466 2523 580 2582 minora
601 2533 695 2582 castra
715 2522 812 2599 operis
834 2521 1028 2599 perspiciendi
1051 2539 1138 2579 causa

140 2619 274 2690 venisset,
286 2620 487 2678 animadvertit
499 2621 613 2694 collem,
624 2621 674 2698 qui
683 2622 720 2680 ab
730 2621 863 2680 hostibus
876 2620 1035 2690 tenebatur,
1046 2617 1137 2677 nuda·

139 2727 203 2776 tum
217 2718 392 2791 hominibus,
407 2719 457 2795 qui
472 2720 665 2795 superioribus
680 2720 783 2779 diebus
797 2720 844 2778 vix
866 2738 934 2797 prae
956 2718 1137 2776 multitudine
1152 2735 1181 2785 25

140 2816 220 2876 cerni
253 2825 373 2892 poterat
430 2815 598 2875 Admiratus
633 2819 743 2894 quaerit
777 2835 814 2876 ex
849 2817 978 2894 perfugis
1009 2835 1136 2887 causam,

139 2931 265 2991 quorum
282 2933 407 2990 magnus
421 2914 459 2974 ad
476 2933 543 2974 eum
563 2915 669 2974 cotidie
687 2933 824 2975 numerus
841 2917 1013 2975 confluebat.
1057 2914 1136 2974 Con·

140 3014 234 3072 stabat
253 3013 327 3071 inter
348 3031 461 3084 omnes,
480 3015 560 3090 quod
580 3015 638 3072 iam
656 3015 718 3091 ipse
737 3014 846 3074 Caesar
865 3034 917 3093 per
936 3013 1136 3091 exploratores

140 3124 326 3190 cognoverat,
346 3115 465 3174 dorsum
486 3132 550 3172 esse
570 3115 631 3172 eius
650 3115 709 3190 iugi
728 3133 820 3191 prope
835 3132 969 3190 aequum,
989 3111 1041 3171 sed
1058 3111 1135 3169 hunc

140 3213 299 3272 silvestrem
320 3223 348 3272 et
368 3224 531 3289 angustum,
547 3231 605 3289 qua
623 3213 811 3271 essetaditus
831 3212 869 3271 ad
886 3213 1005 3270 alteram
1024 3204 1135 3286 partein
1149 3235 1181 3284 50

140 3312 256 3389 oppidi;
285 3311 471 3370 vehementer
494 3310 560 3369 huic
586 3310 650 3369 illos
674 3310 741 3370 loco
766 3311 866 3369 timere
890 3321 945 3367 nec
972 3310 1030 3366 iam
1055 3305 1136 3365 aliter

141 3399 254 3483 sentire,
275 3428 336 3469 uno
356 3410 430 3470 colle
449 3411 487 3470 ab
504 3409 647 3469 Romanis
664 3419 817 3486 occupato,
840 3410 864 3467 si
881 3407 1002 3467 alterum
1023 3406 1134 3464 amisis·

142 3519 214 3581 sent,
234 3509 305 3586 quin
323 3527 419 3586 paene
435 3508 639 3569 circumvallati
658 3518 744 3586 atque
765 3507 847 3566 omni
866 3507 944 3566 exitu
964 3516 994 3565 et
1014 3503 1135 3583 pabula·
