2650 3918
201 205 261 272 134
413 202 461 250 nr
482 205 592 253 narro
616 204 764 254 crrrroo
787 204 898 254 cortu.
918 204 970 264 rr.
1059 222 1065 235 ·

196 368 292 410 rerum
316 351 442 410 maxime
468 354 671 414 admirandum
691 356 848 426 videbatur,
870 355 950 431 quod
972 352 1121 422 Germani,
1143 351 1193 428 qui

198 467 234 508 eo
255 451 377 509 consilio
393 449 529 510 Rhenum
550 454 729 524 transierant,
744 465 775 512 ut
789 453 966 528 Ambiorigis
987 452 1060 508 lines
1082 451 1193 525 depop-

198 547 353 619 ularentur,
394 550 431 607 ad
473 561 567 610 castra
606 551 810 610 Romanorum
852 550 938 610 delati
979 548 1192 625 optatissimum

197 645 359 722 Ambiorigi
373 648 547 707 beneficium
562 649 733 708 obtulerunt.

144 819 146 826 ¹
170 774 183 820 5
238 757 290 812 43.
313 753 422 814 Caesar
446 774 543 814 rursus
564 755 601 814 ad
625 757 774 816 vexandos
795 757 893 816 hostes
917 755 1063 833 profectus
1084 769 1193 827 magno

199 862 303 910 coacto
334 872 456 912 numero
489 874 525 912 ex
553 856 681 914 finitimis
709 856 868 914 civitatibus
900 856 929 912 in
961 871 1065 913 omnes
1096 860 1194 927 partes

200 953 323 1012 dimittit.
348 953 479 1014 'Omnes
504 956 558 1014 vici
583 967 668 1033 atque
690 957 789 1015 omnia
813 955 953 1026 aedificia,
972 972 1047 1031 quae
1061 952 1195 1029 ¹quisque

199 1062 399 1128 conspexerat,
419 1054 647 1113 incendebantur
657 1074 665 1126 ;
690 1056 799 1131 praeda
820 1074 856 1113 ex
877 1055 1013 1112 omnibus
1032 1051 1104 1110 locis
1126 1068 1195 1126 age·

200 1152 300 1224 batur;
324 1151 468 1211 frumenta
487 1171 548 1210 non
567 1153 662 1212 solum
680 1162 791 1212 atanta
804 1152 986 1222 multitudine
1000 1151 1196 1208 iumentorum

156 1271 185 1306 ro
200 1260 287 1326 atque
314 1250 467 1308 hominurn
496 1253 750 1322 consumebantur,
775 1253 827 1310 sed
855 1252 941 1309 etiam
968 1250 1038 1309 anni
1065 1257 1196 1324 tempore

200 1359 286 1424 atque
307 1349 445 1406 imbribus
468 1351 690 1425 procubuerant,
708 1361 749 1421 ut,
770 1351 859 1426 siqui
879 1350 966 1408 etiam
985 1349 1016 1407 in
1035 1347 1196 1424 praesentia

201 1466 232 1506 se
248 1447 451 1516 occultassent,
472 1457 570 1506 tamen
583 1430 634 1506 'his
656 1449 781 1507 deducto
804 1449 931 1506 exercitu
950 1465 1046 1506 rerum
1064 1445 1196 1504 omnium

201 1545 301 1620 inopia
335 1545 516 1620 pereundum
550 1547 700 1604 videretur.
742 1547 787 1604 Ac
819 1565 905 1622 saepe
936 1546 966 1602 in
997 1563 1065 1603 eum
1098 1543 1197 1602 locum

201 1657 319 1700 ventum
341 1653 385 1700 est
405 1653 485 1701 tanto
507 1645 537 1703 in
558 1646 654 1704 omnis
674 1645 762 1721 partis
785 1644 877 1703 diviso
898 1645 1033 1720 equitatu,
1053 1652 1084 1701 ut
1104 1642 1197 1700 modo

155 1761 186 1809 r5
201 1741 294 1801 visum
318 1742 357 1798 ab
381 1760 413 1799 se
437 1742 639 1818 Ambiorigem
667 1744 697 1800 in
721 1742 790 1818 fuga
815 1743 1067 1818 circumspicerent
1091 1740 1196 1815 captivi

201 1857 257 1900 nec
277 1839 363 1915 plane
385 1840 472 1898 etiarn
493 1842 588 1900 abisse
609 1860 645 1900 ex
667 1850 828 1918 conspectu
849 1841 1067 1912 contenderent,
1086 1849 1119 1898 ut
1143 1857 1196 1915 spe

202 1938 401 2013 consequendi
429 1938 506 1997 illata
533 1949 620 2017 atque
649 1941 762 1998 infinito
789 1941 888 1998 labore
916 1948 1060 2016 suscepto,
1086 1937 1136 2014 qui
1164 1955 1196 1996 se

202 2053 348 2094 summam
383 2037 420 2094 ab
450 2037 581 2096 ‚Caesare
615 2041 736 2115 gratiam
771 2039 891 2098 inituros
925 2047 1068 2115 putarent,
1101 2053 1197 2112 paene

202 2144 336 2196 naturam
361 2137 456 2197 studio
475 2137 630 2207 vincerent,
656 2156 827 2214 semperque
852 2138 971 2213 paulum
990 2136 1027 2194 ad
1052 2121 1196 2194 summam

159 2255 189 2290 ro
203 2233 368 2294 felicitatem
391 2235 517 2294 defuisse
538 2235 687 2304 videretur,
703 2245 789 2311 atque
811 2235 857 2294 ille
875 2236 992 2294 latebris
1005 2244 1060 2293 aut
1079 2234 1197 2292 saltibus

204 2353 236 2392 se
267 2335 389 2410 eriperet
417 2344 446 2393 et
473 2343 563 2392 noctu
592 2335 753 2394 occultatus
781 2335 851 2392 alias
878 2334 1012 2409 regiones
1042 2343 1196 2408 partesque

202 2442 311 2508 peteret
329 2450 390 2490 non
405 2432 513 2490 maiore
528 2422 657 2507 equitum
669 2432 816 2507 praesidio
831 2451 918 2508 quam
938 2442 1073 2508 quattuor
1091 2431 1197 2508 quibus

201 2530 272 2594 ,solis
286 2531 374 2588 vitam
389 2548 471 2588 suam
486 2530 664 2588 committere
679 2531 812 2589 audebat.

244 2633 305 2687 44.-
340 2627 405 2688 Tali
437 2629 527 2687 modo
558 2629 674 2689 vastatis
705 2630 873 2704 regionibus
903 2630 1062 2687 exercitum
1090 2628 1199 2687 Caesar

158 2745 189 2794 ²5
205 2725 327 2788 duarum
342 2727 505 2786 cohortium
523 2727 631 2785 damno
649 2726 880 2786 Durocortorum
898 2727 1059 2785 Remorum
1078 2727 1197 2796 reducit,

204 2827 386 2902 concilioque
411 2828 441 2884 in
463 2845 530 2884 eum
554 2826 655 2884 locum
673 2825 783 2884 Galliae
808 2827 917 2884 indicto
943 2826 978 2884 de
1000 2827 1198 2884 coniuratione

206 2924 356 2984 Senonum
377 2936 405 2984 et
427 2926 587 2986 Carnutum
608 2927 808 3000 quaestionem
832 2926 939 2984 habere
962 2925 1089 2996 instituit,
1111 2935 1139 2982 et
1160 2925 1197 2984 de

204 3027 335 3097 Accone,
350 3026 402 3100 ¹qui
422 3026 556 3101 princeps
576 3025 638 3082 eius
658 3024 768 3082 consilii
787 3023 888 3096 fuerat,
907 3025 1036 3100 graviore
1056 3024 1199 3082 sententia

204 3126 390 3202 pronuntiata
413 3143 494 3184 more
518 3125 661 3183 maiorum
689 3123 862 3199 supplicium
887 3123 1017 3198 sumpsit.
1059 3120 1200 3180 Nonnulli

160 3238 192 3286 30
205 3224 343 3284 iudicium
370 3224 449 3281 veriti
473 3223 670 3300 profugerunt.
714 3221 915 3293 Quibuscum
937 3239 1012 3296 aqua
1033 3230 1119 3296 atque
1139 3221 1201 3296 igni

205 3323 405 3393 interdixisset,
432 3323 504 3380 duas
533 3322 663 3397 legiones
692 3322 729 3379 ad
758 3321 830 3379 fines
853 3320 1054 3389 Treverorum,
1077 3319 1149 3378 duas
1170 3319 1201 3376 in

206 3421 397 3497 Lingonibus,
420 3439 471 3478 sex
496 3419 621 3496 reliquas
644 3420 676 3477 in
703 3419 852 3477 Senonum
874 3418 978 3476 linibus
1002 3417 1147 3492 Agedinci
1171 3417 1202 3474 in

110 3517 114 3526 '
206 3519 332 3578 hibernis
354 3520 503 3578 collocavit
524 3518 727 3594 frumentoque
749 3517 885 3576 exercitui
909 3516 1034 3592 proviso
1056 3527 1087 3575 ut
1109 3516 1202 3575 instit-

206 3626 296 3688 uerat,
311 3618 342 3678 in
356 3618 469 3680 Italiam
484 3619 521 3678 ad
535 3627 696 3677 conventus
710 3617 841 3694 agendos
854 3615 999 3693 proiectus
1013 3623 1065 3674 est.
1132 3668 1134 3673 .
1149 3626 1153 3630 ·
