2686 3910
204 188 265 254 186
593 204 630 256 Α.
652 205 776 255 nrnrrr
1123 205 1196 251 vrrr.

203 366 343 431 quantum
364 357 552 416 hibernorum
571 358 771 434 opportunitas
788 356 912 433 bellique
931 357 1003 414 ratio
1025 351 1199 431 postulabat,

203 463 344 529 perpetuo
365 474 419 514 suo
432 456 531 515 labore
545 458 576 514 in
590 458 683 515 vicem
701 456 864 532 legionibus
887 455 1104 532 expeditionum
1123 467 1200 508 onus

204 551 380 628 iniungebat.
418 560 446 615 7.
469 553 526 613 His
540 555 635 631 copiis
650 554 759 612 coactis
774 554 812 612 ad
827 554 996 612 Bellovacos
1007 548 1201 628 proficiscitur

205 653 363 729 castrisque
384 652 414 710 in
435 671 536 712 eorum
558 654 665 710 finibus
687 652 788 728 positis
810 653 939 728 equitum
956 662 1065 710 turmas
1086 647 1201 707 dimittit

175 747 234 808 tin
254 767 358 810 omnes
377 760 473 827 partes
493 751 531 808 ad
548 751 660 827 aliquos
678 750 874 826 excipiendos,
893 769 929 808 ex
948 750 1053 826 quibus
1071 746 1201 805 hostium

204 837 326 906 consilia
364 857 563 924 cognosceret.
619 847 740 925 Equites
779 849 875 907 officio
910 847 1000 907 functi
1034 846 1202 906 renuntiant

204 963 315 1021 paucos
343 948 374 1004 in
402 947 541 1006 aediliciis
572 964 636 1005 esse
664 947 806 1017 inventos,
840 957 927 1023 atque
959 947 1024 1017 hos,
1054 962 1117 1002 non
1150 943 1201 1018 qui

204 1062 341 1119 agrorum
374 1044 566 1103 colendorum
599 1063 688 1103 causa
722 1045 928 1104 remansissent
963 1047 1101 1119 (namque
1135 1058 1200 1099 esse

203 1142 333 1219 undique
357 1142 509 1218 diligenter
531 1143 747 1218 demigratum),
770 1143 821 1200 sed
845 1144 895 1219 qui
920 1141 1087 1219 speculandi
1112 1157 1202 1198 causa

161 1264 191 1300 10
204 1251 302 1300 essent
323 1242 444 1300 remissi.
485 1240 514 1299 A
535 1241 639 1317 quibus
660 1259 728 1300 cum
746 1251 896 1318 quaereret
913 1241 1029 1311 Caesar,
1052 1257 1111 1317 quo
1132 1238 1200 1297 loco

204 1339 358 1398 multitudo
371 1349 449 1398 esset
463 1338 683 1398 Bellovacorum
697 1339 812 1415 quodve
832 1348 908 1398 esset
923 1339 1075 1398 consilium
1089 1331 1200 1408 eorum,

204 1438 386 1497 inveniebat:
422 1438 593 1497 Bellovacos
614 1456 726 1507 omnes,
749 1439 799 1512 qui
820 1456 900 1496 arma
920 1437 994 1496 ferre
1015 1444 1145 1512 possent,
1170 1435 1201 1491 in

198 1555 296 1594 unum
329 1537 427 1596 locum
461 1537 641 1608 convenisse,
678 1537 805 1612 itemque
838 1537 1011 1606 Ambianos,
1047 1535 1200 1606 Aulercos

206 1633 332 1706 Caletos
355 1636 540 1706 Veliocassis,
562 1636 733 1707 Atrebatas;
762 1635 860 1693 locum
881 1637 979 1694 castris
1001 1634 1148 1693 excelsum
1169 1633 1201 1691 in

162 1750 190 1801 15
206 1733 274 1791 silva
299 1733 475 1792 circumdata
499 1735 605 1811 palude
629 1733 780 1810 delegisse,
809 1734 1016 1811 impedimenta
1042 1733 1142 1792 omnia
1170 1733 1201 1789 in

205 1832 353 1891 ulteriores
375 1833 460 1891 silvas
481 1832 645 1891 contulisse.
689 1830 862 1907 Complures
884 1851 948 1891 esse
967 1833 1111 1909 principes
1133 1831 1200 1889 belli

205 1940 347 2002 auctores,
375 1931 427 1990 sed
454 1931 668 1989 multitudinem
695 1930 822 1988 maxime
851 1929 961 1989 Correo
989 1931 1200 2006 obtemperare,

205 2029 285 2107 quod
306 2031 332 2088 ei
354 2047 471 2088 summo
493 2048 557 2088 esse
578 2029 648 2087 odio
670 2046 778 2086 nomen
800 2029 900 2105 populi
923 2029 1051 2088 Romani
1072 2029 1202 2087 intellex-

205 2131 303 2188 issent.
347 2128 451 2187 Paucis
471 2137 537 2186 ante
557 2126 659 2185 diebus
681 2145 717 2185 ex
734 2127 778 2185 his
798 2128 898 2186 castris
919 2128 1088 2186 Atrebatem
1111 2125 1202 2186 Corn-

162 2252 193 2288 πο
205 2228 297 2285 mium
336 2228 503 2286 discessisse
542 2225 579 2284 ad
617 2226 722 2284 auxilia
757 2224 970 2284 Germanorum
1012 2224 1201 2296 adducenda;

206 2343 330 2401 quorum
353 2335 381 2383 et
405 2325 535 2383 vicinitas
560 2323 726 2400 propinqua
749 2334 779 2381 et
803 2324 957 2382 multitudo
981 2333 1057 2382 esset
1081 2322 1202 2382 infinita.

207 2422 400 2482 Constituisse
414 2433 511 2480 autem
527 2421 698 2480 Bellovacos
717 2423 848 2480 omnium
868 2422 1032 2498 principum
1046 2439 1202 2491 consensu,

207 2540 322 2580 summa
339 2521 431 2598 plebis
449 2521 613 2597 cupiditate,
636 2521 668 2590 si,
690 2529 721 2578 ut
736 2521 885 2591 diceretur,
902 2519 1009 2579 Caesar
1028 2539 1095 2579 cum
1109 2521 1203 2578 tribus

206 2622 370 2698 legionibus
384 2622 503 2692 veniret,
518 2621 621 2679 offerre
636 2638 667 2678 se
681 2620 719 2678 ad
734 2620 939 2690 dimicandum,
954 2639 991 2678 ne
1006 2620 1154 2679 miseriore
1169 2638 1203 2678 ac

163 2741 192 2792 ²5
208 2721 320 2779 duriore
335 2730 438 2796 postea
460 2719 632 2778 condicione
650 2736 718 2776 cum
732 2727 794 2776 toto
814 2719 941 2776 exercitu
955 2718 1102 2776 decertare
1116 2735 1203 2792 coge-

207 2827 320 2890 rentur;
343 2818 366 2877 si
385 2819 511 2877 maiores
530 2817 631 2893 copias
651 2817 815 2888 adduceret,
829 2818 860 2874 in
879 2834 916 2875 eo
934 2817 1002 2875 loco
1019 2834 1199 2892 permanere,

206 2935 296 2994 quem
320 2917 502 2992 delegissent,
530 2916 717 2993 pabulatione
745 2925 850 2986 autern,
880 2934 954 2992 quae
983 2924 1100 2991 propter
1134 2915 1203 2972 anni

207 3027 322 3092 tempus
344 3034 411 3074 cum
433 3016 538 3090 exigua
566 3024 628 3073 tum
656 3015 776 3073 disiecta
803 3024 888 3085 esset,
917 3023 945 3072 et
973 3012 1196 3071 frumentatione

207 3126 236 3174 et
260 3116 371 3191 reliquo
395 3124 562 3173 commeatu
586 3132 622 3171 ex
650 3113 760 3171 insidiis
788 3113 941 3188 prohibere
967 3112 1127 3170 Romanos.
1172 3117 1202 3170 8.

163 3233 195 3280 30
208 3215 292 3287 Quae
307 3213 416 3272 Caesar
437 3212 685 3270 consentientibus
705 3211 834 3287 pluribus
854 3228 921 3268 cum
940 3218 1097 3286 cognosset
1115 3218 1203 3286 atque

207 3330 250 3381 ea,
270 3329 344 3386 quae
364 3319 603 3387 proponerentur,
625 3310 745 3369 consilia
766 3310 853 3385 plena
870 3309 1041 3385 prudentiae
1057 3308 1204 3384 longeque

208 3426 226 3464 a
252 3409 410 3467 temeritate
438 3411 628 3467 barbarorum
655 3417 768 3466 remota
797 3425 860 3466 esse
888 3407 1035 3476 iudicaret,
1066 3407 1203 3488 omnibus

208 3505 293 3566 rebus
314 3506 529 3566 inserviendum
553 3507 658 3580 statuit,
684 3525 743 3584 quo
765 3506 884 3564 celerius
909 3505 1007 3562 hostes
1032 3514 1202 3580 contempta
