2650 3918
203 162 264 236 150
406 157 410 163 ’
508 157 554 222 ‘'o.
578 174 673 223 ruarr
694 174 870 224 caesaris
1139 177 1197 224 vn..

200 303 349 392 diligentia
367 322 571 383 adiunctumm
591 336 677 402 atque
698 343 789 386 unum
810 324 964 387 consilium
984 315 1073 385 totius
1087 324 1199 385 Galliae

199 413 378 490 effecturum,
393 422 474 480 cuius
490 425 646 483 consensui
660 444 699 483 ne
714 423 792 485 orbis
815 425 933 501 quidem
951 432 1093 482 terrarum
1105 425 1199 500 possit

199 513 339 574 obsistere
348 536 360 589 ;·
389 518 477 596 idque
503 539 535 579 se
559 540 652 598 prope
676 523 739 581 iam·
762 524 900 583 effectum
924 523 1040 581 habere.
1083 523 1199 581 Interea

199 628 324 687 aequum
346 633 409 675 esse
434 619 471 676 ab
495 619 530 678 iis
554 622 719 681 communis
748 622 846 681 salutis
873 639 963 680 causa
986 621 1141 697 impetrari,
1167 630 1199 679 ut

171 720 292 778 5castra
312 715 425 774 munire
446 716 635 786 instituerent,
656 738 716 795 quo
741 721 853 780 facilius
877 720 1047 797 repentinos
1070 719 1198 778 hostiurn

198 807 324 886 impetus
358 814 541 874 sustinerent.
587 824 640 877 30.
663 819 729 878 Fuit
759 819 831 879 haec
864 820 957 878 oratio
990 836 1051 876 non
1085 819 1199 893 ingrata

199 905 300 981 Gallia,
325 919 356 968 et
377 914 513 986 maxime,
539 916 620 992 quod
644 917 707 993 ipse
732 919 836 977 animo·
857 936 919 976 non
944 917 1088 984 defecerat
1115 923 1198 974 tanto

198 1016 321 1082 accepto
347 1010 546 1086 incommodn,
571 1032 667 1090 neque
694 1034 726 1074 se
754 1017 784 1074 in
812 1017 957 1075 occultum
988 1015 1140 1075 abdiderat
1170 1024 1199 1072 et

199 1118 390 1183 conspectum
411 1111 601 1171 multitudinis
623 1113 735 1190 fugerat
742 1135 750 1187 ;
779 1115 902 1191 plusque
924 1114 1023 1172 animo
1044 1113 1198 1190 providere

155 1215 186 1253 ro
198 1212 227 1261 et
247 1211 422 1281 praesentire
443 1213 666 1284 existimabatur,
682 1213 762 1288 quod
783 1232 813 1272 re
833 1214 946 1289 integra
966 1213 1061 1288 primo
1077 1210 1197 1270 incend-

198 1304 307 1362 endum
331 1307 496 1382 Avaricum,
521 1321 590 1386 post
617 1311 811 1372 deserendum
836 1318 997 1384 censuerat.
1039 1311 1142 1387 Itaque
1165 1319 1197 1368 ut

198 1401 374 1479 reliquorum
388 1407 595 1484 imperatorum
610 1428 657 1468 res
677 1410 820 1468 adversae
836 1409 1037 1468 auctoritatem
1052 1409 1194 1479 minuunt,

199 1499 245 1558 sic
261 1500 345 1562 huius
367 1523 402 1564 ex
424 1508 570 1566 contrario
589 1507 714 1584 dignitas
732 1507 923 1566 incommodo
941 1516 1064 1583 accepto
1083 1507 1114 1564 in
1134 1507 1196 1565 dies

198 1601 365 1675 augebatur.
409 1603 499 1664 Simul
519 1607 550 1663 in
573 1625 657 1682 spem
679 1606 834 1664 veniebant
856 1606 918 1664 eius
943 1605 1133 1664 affirmatione
1160 1605 1197 1663 de

134 1705 184 1756 -15
198 1697 314 1776 reliquis
341 1702 535 1779 adiungendis
568 1705 746 1776 civitatibus;
782 1705 969 1780 primumque
998 1721 1035 1762 eo
1063 1712 1197 1780 ternpore

197 1794 273 1856 Galli
298 1811 393 1860 castra
417 1804 530 1862 munire
554 1803 746 1875 instituerunt,
775 1812 804 1861 et
832 1803 873 1861 sic
901 1811 969 1860 sunt
997 1802 1094 1860 animo
1122 1819 1196 1860 con-

197 1900 316 1958 sternati
330 1900 465 1960 homines
479 1903 583 1961 insueti
592 1901 708 1972 laboris,
724 1909 755 1959 ut
764 1901 872 1972 omnia,
888 1910 964 1977 quae
975 1900 1197 1978 imperarentur,

197 1996 251 2053 sibi
283 1999 420 2074 patienda
455 2001 660 2059 existimarent.
717 2005 763 2060 31.
792 1999 857 2058 Nec
885 1999 992 2069 minus,
1028 2017 1116 2076 quam
1151 2008 1197 2058 est

196 2096 349 2170 pollicitus,
387 2098 615 2176 Vercingetorix·
654 2098 752 2156 animo
794 2097 954 2167 laborabat,
998 2107 1030 2156 ut
1069 2097 1196 2174 reliquas

153 2203 183 2239 ²0
197 2195 325 2255 civitates
358 2197 535 2274 adiungeret,
571 2207 656 2274 atque
685 2214 735 2254 eas
763 2196 849 2254 donis
881 2187 1196 2272 pollicitationibusque

197 2293 349 2353 alliciebat.
392 2295 472 2354 Huic
500 2296 542 2354 rei
568 2296 693 2355 idoneos
720 2294 855 2352 homines
882 2293 1037 2369 deligebat,
1067 2311 1194 2370 quorum

197 2393 318 2468 quisque
341 2403 390 2452 aut
410 2395 542 2452 oratione
564 2393 687 2452 subdola
711 2402 760 2451 aut
781 2391 906 2454 amicitia
930 2392 1064 2451 facillime
1089 2412 1195 2470 capere

196 2502 305 2567 posset.
348 2490 407 2564 Qui
422 2493 547 2551 Avarico
563 2502 732 2568 expugnato
750 2491 923 2567 refugerant,
939 2492 1096 2551 amrandos
1110 2493 1195 2552 vesti-

196 2589 348 2666 endosque
367 2600 448 2650 curat
459 2612 467 2663 ;
488 2592 582 2662 simul,
602 2601 634 2650 ut
655 2591 821 2650 deminutae
843 2590 946 2667 copiae
963 2590 1194 2667 redintegraren-

153 2693 182 2742 25
196 2696 249 2758 tur,
269 2690 396 2765 imperat·
412 2702 523 2750 certum
544 2709 697 2749 numerum
718 2689 841 2747 militum
864 2689 1036 2760 civitatibus
1058 2707 1145 2765 quem
1164 2701 1194 2748 et

196 2805 284 2863 quam
298 2797 366 2846 ante
381 2788 459 2847 diem
473 2790 504 2846 in
518 2799 612 2848 castra
626 2788 731 2847 adduci
745 2787 821 2858 velit,
842 2788 1068 2863 sagittariosque
1079 2805 1193 2861 omnes,

195 2903 320 2962 quorum
342 2896 403 2946 erat
423 2905 599 2963 permagnus
621 2905 758 2946 numerus
779 2887 809 2944 in
831 2883 935 2956 Gallia,
956 2887 1088 2962 conquiri
1105 2897 1133 2946 et
1152 2889 1192 2948 ad

196 3003 227 3045 se
248 2985 322 3044 mitti
343 2986 432 3045 iubet.
475 2986 532 3045 His
553 2986 639 3045 rebus
659 2985 787 3044 celeriter
808 2983 845 3055 id,
862 2984 943 3060 quod
957 2985 1071 3043 Avarici
1092 2985 1194 3061 deper-

195 3085 275 3154 ierat,
303 3083 442 3160 expletur.
499 3084 619 3143 Interim
655 3083 859 3153 Teutomatus,
893 3082 1073 3142 Olloviconis
1107 3083 1195 3157 filius,

153 3201 184 3252 30
196 3202 246 3242 rex
267 3163 484 3258 Nitiobrogum,
504 3183 586 3240 cuius
605 3191 686 3258 pater
705 3183 743 3240 ab
762 3190 867 3239 senatu·
882 3190 991 3240 nostro
1004 3181 1116 3240 amicus
1134 3193 1196 3242 erat

196 3279 366 3357 appellatus,
381 3299 448 3339 cum
462 3298 573 3356 magno
592 3280 722 3356 equitum
741 3297 861 3338 suorum
879 3296 1010 3342 numero
1025 3290 1054 3338 et
1068 3298 1143 3357 quos
1157 3302 1195 3342 ex

197 3378 353 3453 Aquitania
367 3379 546 3438 conduxerat
563 3378 681 3436 adeum
700 3378 839 3454 pervenit.
881 3419 883 3422 -

237 3479 287 3536 82.
310 3475 418 3537 Caesar
449 3477 569 3538 Avarici·
595 3477 761 3554 complures
793 3477 862 3536 dies·
883 3486 1082 3538 commoratus
1114 3495 1196 3538 sum-
