2686 3910
199 205 261 272 174
520 207 548 253 C·
572 206 667 253 IULII
687 205 862 254 CAESARIS
956 207 960 212 '
1055 241 1058 246 .
1141 209 1202 255 vn.

199 373 352 414 numerum
378 373 439 413 non
464 355 691 431 compleverunt,
716 356 798 432 quod
826 374 858 413 se
886 372 940 413 suo
965 355 1086 412 nomine
1111 367 1202 432 atque

199 454 316 512 arbitrio
348 473 415 512 cum
447 455 590 513 Romanis
624 455 731 512 bellum
766 465 900 530 gesturos
935 454 1071 512 dicebant
1102 473 1200 530 neque

199 554 370 630 cuiusquam
389 555 511 631 imperio
531 556 797 630 obtemperaturos;
820 555 914 630 rogati
932 564 1031 612 tamen
1050 555 1088 611 ab
1107 554 1199 612 Com·

200 653 260 708 mio
279 671 334 728 pro
354 655 417 711 eius
435 653 563 728 hospitio
585 653 645 711 duo
659 652 738 710 milia
758 671 818 710 una
831 652 980 710 miserunt.
1023 657 1075 712 76.
1099 651 1198 711 Huius

172 767 290 826 sopera
310 750 446 821 Commii,
467 762 499 809 ut
519 761 604 810 antea
629 752 897 820 demonstravimus,
919 751 999 809 fideli
1023 761 1110 827 atque
1135 753 1197 810 utili

200 851 394 926 superioribus
419 850 502 907 annis
526 860 587 907 erat
610 868 680 908 usus
709 851 738 906 in
763 849 912 907 Britannia
933 848 1043 907 Caesar
1049 868 1058 920 ;
1090 851 1196 925 quibus

198 939 244 1006 ille
265 967 320 1024 pro
341 949 448 1006 meritis
470 948 613 1006 civitatem
634 949 697 1006 eius
718 949 878 1006 immunem
899 965 964 1005 esse
985 948 1114 1017 iusserat,
1133 949 1196 1006 iura

198 1047 336 1123 legesque
354 1047 518 1105 reddiderat
532 1057 619 1124 atque
637 1048 692 1122 ipsi
707 1045 841 1105 Morinos
860 1046 1036 1104 attribuerat.
1078 1046 1196 1106 Tamen

198 1154 279 1203 tanta
297 1145 447 1202 universae
467 1143 578 1203 Galliae
596 1146 753 1204 consensio
771 1145 824 1202 fuit
845 1144 983 1202 libertatis
1002 1144 1195 1204 vindicandae

156 1269 187 1305 ro
198 1254 227 1304 et
250 1244 388 1320 pristinae
413 1242 480 1301 belli
504 1243 598 1302 laudis
622 1243 847 1319 recuperandae,
868 1252 900 1300 ut
924 1260 1020 1318 neque
1044 1243 1194 1302 benefieiis

198 1359 293 1416 neque
315 1341 456 1398 amicitiae
477 1342 620 1400 memoria
640 1349 833 1413 moverentur,
855 1358 1016 1416 omnesque
1041 1352 1070 1399 et
1093 1343 1194 1400 animo

197 1450 226 1496 et
246 1439 402 1514 opibusin
423 1439 452 1496 id
472 1439 579 1496 bellurn
601 1440 808 1498 incumberent.
852 1438 970 1497 Coactis
989 1441 1119 1516 equiturn
1141 1459 1193 1498 v111

197 1537 312 1596 milibus
333 1548 362 1595 et
385 1537 516 1613 peditum
537 1538 647 1596 circiter
668 1554 723 1594 oor.
747 1537 818 1596 haec
843 1538 873 1595 in
893 1539 1064 1596 Aeduorum
1084 1539 1193 1604 finibus

196 1637 428 1705 recensebantur,
464 1655 658 1712 numerusque
693 1637 825 1706 inibatur,
861 1636 999 1712 praefecti
1034 1639 1191 1696 constitue·

153 1737 308 1807 15-bantur.
364 1734 500 1793 Commio
538 1735 676 1804 Atrebati,
714 1734 901 1792 Viridomaro
939 1745 968 1792 et
997 1734 1192 1812 Eporedorigi

195 1833 316 1904 Aeduis,
344 1832 614 1891 Vercassivellauno
642 1833 782 1903 Arverno,
815 1834 993 1891 consobrino
1021 1833 1191 1909 Vercinget-

196 1932 294 2008 origis,
323 1950 437 1990 summa
464 1933 577 2008 imperii
605 1932 731 1990 traditur.
784 1930 841 1988 His
872 1930 977 1990 delecti
1008 1950 1044 1989 ex
1072 1933 1191 1990 civitati-

195 2031 250 2088 bus
277 2031 476 2102 attribuuntur,
501 2049 626 2108 quorum
654 2029 776 2089 consilio
804 2029 912 2086 bellum
938 2029 1191 2088 administrarenrr.

196 2128 309 2188 Omnes
330 2131 439 2189 alacres
460 2141 489 2189 et
509 2131 630 2188 fiduciae
650 2128 728 2204 pleni
749 2128 788 2186 ad
808 2127 937 2185 Alesiam
960 2128 1190 2204 proficiscuntur,

139 2249 183 2286 .20
195 2245 291 2303 neque
315 2239 375 2286 erat
395 2229 527 2286 omnium
552 2228 714 2303 quisquam,
735 2226 786 2301 qui
810 2235 961 2301 aspectum
982 2227 1072 2285 modo
1093 2235 1190 2286 tantae

195 2333 384 2392 multitudinis
406 2334 538 2392 sustineri
562 2351 650 2408 posse
672 2332 860 2403 arbitraretur,
882 2333 1050 2410 praesertim
1071 2335 1189 2410 ancipiti

193 2432 313 2506 proelio,
335 2450 402 2490 cum
424 2452 460 2490 ex
485 2431 594 2508 oppido
616 2431 767 2506 eruptione
791 2441 975 2508 pugnaretur,
997 2431 1067 2490 foris
1090 2442 1188 2490 tantae

188 2532 294 2606 copiae
316 2531 459 2606 equitatus
480 2531 681 2607 peditatusque
703 2540 895 2587 cernerentur.

234 2634 284 2689 77.
306 2630 345 2687 At
368 2630 396 2699 ii,
419 2629 469 2704 qui
494 2629 609 2685 Alesiae
635 2628 850 2698 obsidebantur,
875 2629 1027 2703 praeterita
1052 2629 1106 2699 die,
1130 2649 1188 2706 qua

150 2741 178 2792 25
192 2728 297 2786 auxilia
322 2746 439 2787 suorum
464 2735 709 2803 exspectaverant,
731 2736 908 2800 consumpto
929 2728 1011 2785 omni
1031 2727 1186 2801 frumento,

191 2826 273 2884 inscii
299 2826 369 2902 quid
397 2827 427 2884 in
452 2826 562 2885 Aeduis
587 2834 742 2901 gereretur,
767 2825 891 2883 concilio
916 2835 1019 2884 coacto
1047 2826 1084 2885 de
1108 2830 1187 2887 exitu

191 2943 308 2984 suarum
329 2924 509 2984 fortunarum
527 2924 739 2982 consultabant.
782 2921 827 2980 Ac
848 2922 932 2982 variis
954 2924 1037 2983 dictis
1058 2937 1185 2986 sentent·

189 3025 232 3095 iis,
254 3042 377 3100 quarum
402 3043 469 3100 pars
492 3023 679 3092 deditionem,
703 3039 780 3097 pars,
802 3020 873 3079 dum
893 3023 967 3081 vires
990 3034 1185 3099 suppeterent,

189 3124 372 3198 eruptionem
400 3123 546 3192 censebat,
575 3139 636 3179 non
663 3121 873 3196 praetereunda
901 3122 994 3180 oratio
1021 3121 1185 3198 Critognati

144 3225 176 3285 3'0
188 3222 299 3280 videtur
326 3233 445 3297 propter
469 3221 530 3279 eius
559 3219 733 3294 singularem
758 3226 787 3275 et
810 3216 950 3276 nefariam
976 3219 1183 3282 crudelitatem.

188 3317 247 3376 Hic
279 3336 395 3376 summo
426 3319 455 3376 in
487 3318 623 3376 Arvernis
652 3326 731 3374 ortus
762 3316 829 3374 loco
847 3326 886 3376 .et
913 3336 1037 3394 magnae
1067 3320 1185 3382 habitus

187 3417 379 3476 auctoritatis:
413 3415 526 3488 ‘Nihil'
550 3416 650 3491 inquit,
676 3415 730 3472 ‘de
754 3431 855 3473 eorum
884 3417 1026 3474 sententia
1055 3418 1183 3480 dicturus

186 3528 260 3583 sum,
282 3517 331 3589 qui
356 3517 552 3591 turpissimam
576 3516 739 3574 servitutem
763 3513 919 3573 deditionis
940 3516 1059 3575 nomine
1080 3520 1182 3594 appel-
