2650 3918
53 266 58 276 ⁹
142 214 277 282 10-13.
354 212 401 260 DE
421 213 533 260 BELLO
555 213 705 262 GALLICO
728 212 837 265 COMM.
865 214 911 262 VI.
1073 217 1131 285 119

137 361 235 419 auxilii
256 372 370 438 egeret:
399 381 468 422 suos
493 363 571 422 enim
595 363 718 439 quisque
739 364 864 440 opprimi
885 373 914 421 et
934 361 1132 425 circumveniri

138 477 199 517 non
219 461 332 535 patitur,
354 478 458 537 neque,
479 462 559 520 aliter
583 462 607 520 si
628 461 722 533 faciat,
743 462 832 521 ullam
855 461 929 520 inter
953 477 1021 520 suos
1045 461 1133 518 habet

136 558 347 616 auctoritatem.
390 558 475 617 Haec
510 559 612 618 eadem
647 560 719 618 ratio
755 570 798 618 est
831 560 862 618 in
897 577 1011 618 summa
1044 558 1132 616 totius

139 654 268 715 Galliae:
304 675 430 734 namque
458 675 562 716 omnes
590 659 718 716 civitates
745 659 775 716 in
802 669 900 735 partes
928 659 1034 716 divisae
1066 668 1132 716 sunt

139 754 221 814 duas
263 761 309 813 12.
332 754 408 840 Cum
430 755 538 814 Caesar
561 755 592 812 in
614 754 737 814 Galliam
758 756 843 826 venit,
864 755 979 814 alterius
999 754 1158 814 factionist

138 853 284 930 principes
309 823 403 912 drani
414 854 518 924 Aedui,
544 853 658 912 alterius
684 854 818 930 Sequani.
860 853 902 912 Hi
920 873 993 920 ¹curn
1021 871 1073 930 per
1100 872 1132 912 se

140 953 237 1010 minus
258 952 392 1022 valerent,
415 951 496 1029 quod
520 970 634 1010 summa
658 952 813 1010 auctoritas
838 953 993 1029 antiquitus
1018 963 1079 1011 erat
1103 953 1133 1009 in

139 1049 250 1109 Aeduis
270 1068 452 1127 magnaeque
473 1067 575 1108 eorum
594 1059 675 1108 erant
690 1049 846 1120 clientelae,
862 1049 1028 1110 Germanos
1047 1060 1133 1126 atque

139 1149 317 1207 Ariovistum
342 1149 397 1207 sibi
422 1148 610 1207 adiunxerant
633 1163 742 1224 eosque
763 1148 801 1206 ad
826 1163 856 1206 se
876 1149 991 1224 magnis
1018 1149 1132 1208 iacturis

139 1247 452 1324 pollicitationibusque
471 1247 672 1322 perduxerant.
715 1245 834 1304 Proeliis
853 1265 921 1305 vero
936 1248 1132 1323 compluribus
1148 1265 1177 1302 ro

139 1345 222 1404 factis
248 1346 382 1405 secundis
406 1355 493 1423 atque
505 1344 595 1428 ⁷qmm
618 1343 768 1427 nobilitate
789 1343 960 1402 Aeduorum
985 1345 1133 1404 interfecta

140 1455 251 1502 tantum
272 1445 402 1520 potentia
422 1413 641 1512 ani‘ccsseiitiit,
656 1451 687 1500 ut
700 1459 838 1516 magnam
856 1453 968 1517 partem
987 1443 1132 1503 clientium

139 1542 178 1600 ab
203 1542 314 1601 Aeduis
339 1542 377 1600 ad
401 1561 433 1601 se
453 1541 636 1599 traducerent
656 1539 830 1616 obsidesque
854 1541 891 1598 ab
915 1542 949 1599 iis
970 1541 1132 1617 principum

139 1640 215 1698 filios
239 1642 402 1716 acciperent
421 1649 450 1698 et
470 1639 585 1716 publice
609 1638 700 1696 iurare
722 1649 867 1713 cogerent,
889 1638 959 1697 nihil
981 1657 1012 1698 se
1034 1649 1133 1698 contra

140 1738 294 1815 Sequanos
316 1740 427 1799 consilii
450 1738 582 1820 inituros,
593 1746 622 1794 et
646 1745 759 1811 partem
779 1734 892 1794 finitimi
916 1738 977 1812 agri
1000 1756 1051 1812 per
1074 1739 1176 1802 vim15

139 1846 315 1912 occupatam
343 1838 525 1912 possiderent
534 1831 717 1931 3Galliaeque
745 1836 833 1893 totius
860 1837 1052 1911 principatum
1080 1837 1128 1894 ob

139 1934 272 1992 linerent.
315 1935 383 2007 Qua
406 1935 576 1994 necessitate
604 1933 745 1990 adductus
769 1932 927 1992 Divitiacus
951 1933 1047 1992 auxilii
1070 1943 1132 2008 pet-

133 2032 208 2091 -endi
243 2051 330 2092 causa
364 2033 494 2093 Romam
534 2033 572 2090 ad
613 2039 746 2114 senatum
783 2027 929 2106 profectus
966 2029 1133 2108 imperfecta

140 2149 172 2194 re
207 2131 338 2190 redierat.
380 2133 516 2191 Adventu
552 2129 684 2188 Caesaris
718 2127 795 2186 facta
828 2130 1058 2188 commutatione
1089 2146 1132 2188 re·

139 2247 214 2300 rum,
234 2230 384 2288 obsidibus
404 2230 515 2288 Aeduis
537 2226 663 2295 redditis,
685 2225 828 2284 veteribus
850 2226 988 2286 clientelis
1010 2226 1132 2284 restitut·
1148 2245 1178 2278 20
1263 2213 1266 2222 '

140 2329 174 2398 is,
203 2329 285 2385 novis
313 2346 365 2404 per
393 2327 547 2386 Caesarem
575 2323 757 2400 comparatis
783 2324 863 2399 quod
891 2324 929 2392 hi,
958 2326 1008 2401 qui
1036 2343 1067 2383 se
1096 2325 1134 2384 ad

141 2443 242 2484 eorum
267 2427 421 2484 amicitiam
450 2431 684 2500 aggregaverant,
708 2422 827 2480 meliore
852 2424 1024 2482 condicione
1047 2433 1133 2500 atque

141 2524 277 2600 aequiore
294 2524 416 2598 imperio
433 2542 464 2581 se
479 2523 519 2580 uti
534 2521 679 2591 videbant,
693 2519 808 2595 reliquis
826 2522 911 2579 rebus
925 2537 1028 2580 eorum
1043 2522 1134 2596 gratia

141 2621 347 2697 dignitateque
367 2622 549 2697 amplificata,
579 2618 707 2694 Sequani
737 2620 930 2695 principatum
958 2620 1132 2678 dimiserant.

141 2720 177 2778 In
200 2737 301 2779 eorum
320 2721 419 2780 locum
437 2721 524 2782 Remi
543 2727 764 2778 successerant:
786 2735 859 2794 quos
879 2719 958 2794 quod
973 2719 1133 2796 adaequare
1148 2734 1176 2784 25

141 2821 221 2896 apud
241 2819 397 2878 Caesarem
416 2819 507 2894 gratia
525 2817 751 2893 intellegebatur,
771 2817 798 2884 ii,
819 2817 868 2893 qui
887 2828 1006 2893 propter
1026 2829 1134 2876 veteres

142 2918 305 2977 inimicitias
328 2918 408 2976 nullo
433 2918 523 2976 modo
549 2935 616 2974 cum
640 2914 750 2973 Aeduis
776 2915 914 2990 coniungi
938 2925 1080 2990 poterant,
1102 2933 1133 2974 se

142 3016 244 3075 Remis
263 3018 292 3074 in
308 3017 468 3075 clientelam
482 3014 625 3073 dicabant.
668 3011 735 3071 Hos
749 3012 788 3070 illi
803 3012 951 3088 diligenter
965 3015 1133 3072 tuebantur:

142 3114 233 3173 itaet
257 3129 365 3172 novam
392 3125 420 3172 et
448 3123 566 3188 repente
591 3111 741 3180 collectam
765 3111 963 3169 auctoritatem
987 3110 1132 3168 tenebant.

141 3211 187 3271 Eo
206 3223 268 3271 tum
288 3223 363 3270 statu
381 3231 427 3271 res
447 3221 515 3282 erat,
531 3221 562 3268 ut
580 3210 667 3284 longe
687 3208 831 3284 principes
845 3208 1016 3268 haberentur
1029 3206 1133 3274 Aedui,
1146 3224 1177 3280 ao

143 3312 303 3370 secundum
323 3311 420 3368 locum
443 3308 587 3384 dignitatis
609 3307 695 3364 Remi
716 3307 888 3364 obtinerent.
930 3311 975 3362 13.
998 3303 1033 3360 In
1052 3305 1134 3360 omni

143 3409 236 3469 Gallia
267 3427 369 3468 eorum
400 3409 559 3474 hominurn,
589 3407 638 3483 qui
669 3406 765 3482 aliquo
798 3414 864 3463 sunt
894 3420 1015 3460 numero
1046 3411 1133 3477 atque

137 3507 262 3580 ‚honora
289 3525 397 3586 genera
425 3515 492 3566 sunt
519 3506 587 3566 duo.
633 3503 711 3574 Nam
725 3503 838 3580 „plebes
866 3518 957 3578 paene
986 3518 1134 3573 servorum
