2630 3916
206 221 248 287 52
414 271 416 276 ,
509 221 538 270 o.
561 181 656 269 wan
677 217 850 272 crassam
879 226 882 230 ·
1150 223 1202 268 111.

208 371 294 446 signo
316 369 384 430 dato
399 371 559 446 decurrere,
577 372 687 449 lapides
709 378 856 450 gaesaque
873 372 904 430 in
925 372 1032 430 vallum
1053 371 1185 430 conicere
1195 363 1206 430 ε’

206 470 298 528 nostri
317 471 412 546 primo
430 473 549 548 Integris
562 473 669 531 viribus
687 471 798 530 fortiter
816 489 979 548 repugnare
999 489 1096 547 neque
1112 470 1203 528 ullum

173 598 176 604 ,
205 569 311 630 frustra
323 571 413 630 telum
427 589 463 630 ex
477 571 543 630 loco
556 573 705 649 superiore
718 572 839 642 mittere,
845 579 885 649 ,ut
900 588 1032 647 quaeque
1046 588 1114 646 pars
1128 577 1203 681 capt*

205 685 305 727 rorum
324 670 434 728 nudata
453 637 766 746 defensoribus²premi
779 669 935 739 videbatur,
950 686 987 726 eo
1002 685 1153 726 occurrere
1174 675 1202 726 et

177 767 343 846 5auxilium
363 768 446 840 ferre,
467 768 520 826 sed
540 768 598 827 hoc
619 787 755 844 superari,
777 768 858 844 quod
878 749 1063 826 diuturnitate
1084 771 1202 842 pugnae

204 866 304 925 hostes
321 866 427 926 defessi
441 866 552 942 proelio
571 867 760 937 excedebant,
779 866 826 924 alii
839 867 959 941 integris
977 865 1084 923 viribus
1103 883 1202 924 succe·
1307 937 1309 942 s

205 965 322 1036 debant,
337 984 460 1041 quarum
473 973 568 1024 rerum
583 985 601 1024 a
614 967 720 1024 nostris
731 974 852 1041 propter
865 965 1040 1040 paucitatem
1055 964 1116 1022 fieri
1130 963 1201 1021 nihil

204 1075 327 1140 poterat,
349 1083 383 1124 ac
404 1083 464 1123 non
484 1065 710 1149 modqsdefesso
729 1083 766 1124 ex
783 1083 884 1141 pugna
899 1063 1070 1166 excedepdi
1092 1063 1145 1122 sed
1165 1081 1202 1120 ne

205 1163 283 1220 sauci
326 1163 444 1238 quidem
465 1165 527 1222 eius
547 1163 612 1234 loci,
634 1163 684 1221 ubi
705 1165 879 1233 constiterat,
901 1162 1084 1238 relinquendi
1102 1179 1137 1219 ac
1158 1161 1202 1220 sui

161 1287 192 1322 10
203 1262 261 1320 reci
292 1262 362 1320 endi
374 1261 494 1321 facultas
513 1263 643 1323 dabatur.
684 1269 713 1322 5.
736 1261 813 1321 Cum
833 1263 891 1320 iarn
910 1261 1033 1338 amplius
1053 1261 1131 1320 horis
1150 1279 1201 1334 sex

204 1360 386 1418 continenter
406 1370 584 1438 pugnaretur
603 1379 638 1420 ac
659 1379 721 1420 non
742 1361 838 1420 solum
858 1360 941 1432 vires,
963 1361 1016 1419 sed
1037 1361 1123 1420 etiarn
1144 1359 1202 1418 tela
1308 1355 1309 1358 ’

204 1467 321 1516 nostros
340 1459 504 1530 deficerent,
526 1451 612 1534 atque
626 1459 726 1518 hostes
746 1460 839 1517 aerius
861 1459 1001 1518 instarent
1016 1458 1200 1534 languidiori-

201 1557 315 1633 busque
329 1557 434 1616 nostris
448 1558 555 1616 vallum
569 1558 699 1616 scindere
714 1567 743 1616 et
756 1556 851 1616 fossas
865 1558 1012 1633 complere
1027 1558 1200 1632 coepissent,

202 1674 306 1732 resque
334 1668 411 1716 esset
435 1657 494 1716 iam
517 1657 559 1715 ad
586 1666 749 1715 extremum
777 1657 916 1733 perducta
943 1673 1053 1726 casum,
1081 1655 1201 1749 Publius
1302 1693 1309 1728 ·,

158 1761 188 1812 Ι5
204 1753 318 1813 Sextius
339 1754 473 1826 Baculus,
495 1755 581 1832 primi
600 1755 650 1831 pili
671 1755 810 1825 centurio,
832 1772 920 1830 quem
941 1753 1067 1814 Nervico
1088 1752 1201 1830 proelio
1308 1821 1309 1828 ἵ

202 1852 400 1928 compluribus
425 1853 592 1912 confectum
612 1831 776 1911 vulneribris
801 1853 936 1922 diximus,
965 1862 999 1938 et
1017 1853 1087 1912 item
1108 1851 1201 1911 Gaius

200 1947 377 2023 Volusenus,
395 1951 526 2010 tribunus
542 1951 673 2022 militum,
687 1951 729 2008 vir
743 1961 772 2010 et
790 1925 903 2010 corisilii
922 1939 1022 2026 mag‘rii
1039 1909 1200 2041 etvirt71‘rtis,

201 2048 239 2106 ad
250 2047 377 2108 Galbam
391 2059 544 2109 accurrunt
558 2059 644 2126 atque
658 2053 747 2108 unam
758 2068 821 2108 esse
837 2067 920 2127 spem
934 2049 1031 2107 salutis
1046 2048 1161 2118 docent,
1177 2049 1202 2108 si

202 2150 353 2224 eruptione
381 2149 457 2208 facta
488 2160 650 2208 extremum
683 2149 821 2208 auxilium
852 2149 1056 2224 experirentur.
1097 2147 1201 2222 Itaque
1308 2211 1309 2216 ,

157 2263 188 2299 ao
201 2248 368 2306 convocatis
403 2248 623 2367 centurionibps·
652 2247 780 2306 celeriter
813 2247 917 2306 milites
955 2246 1090 2304 certiores
1124 2244 1200 2304 facit,
1307 2265 1309 2280 *

201 2345 294 2420 paulis
316 2363 347 2402 er
364 2344 584 2403 intermitterent
602 2346 743 2420 proelium
761 2364 795 2404 ac
816 2344 1019 2403 tantummodo
1039 2343 1096 2402 tela
1110 2345 1203 2404 missa

202 2363 370 2518 excidient
398 2461 487 2519 seque
508 2461 545 2500 ex
566 2443 665 2502 labore
693 2443 852 2514 reficerent,
873 2453 940 2520 post
961 2443 1029 2501 dato
1057 2443 1141 2518 signo
1163 2461 1199 2502 ex

200 2541 302 2600 castris
329 2551 513 2616 erumperent
540 2551 627 2616 atque
654 2558 774 2600 omnem
803 2559 887 2618 spem
914 2541 1013 2600 salutis
1040 2540 1070 2598 in
1097 2542 1200 2602 virtute

200 2649 351 2715 ponerent.
395 2645 424 2698 6.
446 2637 538 2710 Quod
561 2639 632 2698 iussi
654 2645 729 2710 sunt,
754 2639 863 2698 faciunt
887 2657 922 2698 ac
945 2639 1039 2721 subito
1062 2639 1200 2714 omnibus

155 2755 184 2804 25
199 2705 299 2812 porti!
310 2737 462 2813 eruptione
476 2738 553 2796 facta
572 2755 668 2813 neque
683 2737 892 2813 cognoscendi,
906 2736 977 2813 quid
995 2736 1085 2806 fieret,
1102 2753 1200 2812 neque

194 2837 244 2909 ,sui
258 2836 414 2912 colligendi
424 2836 557 2894 hostibus
570 2834 736 2894 facultatem
746 2834 919 2941 relinqrppnt.
932 2907 942 2936 r
961 2834 1007 2893 Ita
1020 2843 1200 2893 commutata

197 2933 316 2992 fortuna
337 2953 397 3006 eoS,
419 2935 469 3010 qui
489 2935 520 2992 in
541 2951 624 3010 spem
644 2933 854 3010 potiundorum
876 2927 1035 2992 castrorum
1052 2943 1199 3004 venerant,

197 3033 325 3109 undique
351 3032 563 3091 circumventos
591 3031 764 3090 interficiunt
785 3041 814 3090 et
841 3051 878 3090 ex
903 3030 1056 3089 hominum
1082 3029 1200 3091 milibus

198 3131 321 3207 amplius
340 3149 408 3196 xxx,
432 3149 521 3207 quem
540 3149 694 3188 numerum
711 3131 901 3188 barbarorum
920 3129 959 3188 ad
975 3139 1069 3188 castra
1084 3128 1200 3189 venisse

153 3245 184 3292 30
198 3231 358 3298 constabat,
377 3229 443 3305 plus
464 3229 546 3287 tertia
563 3238 645 3305 parte
664 3227 814 3287 interfecta
830 3229 958 3304 reliquos
979 3228 1148 3304 perterritos
1169 3229 1201 3290 in

197 3329 297 3405 fugam
312 3328 458 3386 coniciunt
468 3346 504 3386 ae
518 3347 556 3386 ne
567 3329 597 3391 in
607 3329 680 3387 locis
694 3328 813 3404 quidem
829 3329 1026 3404 superioribus
1040 3329 1200 3388 consistere

196 3427 351 3500 patiuntur.
395 3425 443 3484 Sic
457 3427 594 3484 omnibus
608 3426 736 3485 hostiurn
751 3427 844 3502 copiis
857 3425 928 3486 fusis
943 3427 1090 3505 armisque
1105 3429 1200 3488 exutis

196 3540 228 3582 se
240 3524 268 3580 in
280 3533 374 3583 castra
382 3525 617 3602 munitionesque
631 3542 698 3586 suas
712 3525 890 3608 recipiunt.
906 3525 976 3598 Quo
984 3527 1097 3602 proelio
1111 3527 1199 3618 facto,
1290 3587 1294 3592 .
