2686 3910
214 167 275 248 184
617 183 652 231 A.
677 185 800 232 rrrnrrr
1129 189 1205 234 rm.

210 334 363 411 tionesque
378 333 513 393 facerent.
566 341 595 395 3.
618 335 785 412 Repentino
799 335 925 394 adventu
939 335 1073 395 Caesaris
1088 336 1203 406 accidit,

210 433 290 507 quod
298 434 446 511 imparatis
456 435 638 510 disiectisque
647 435 777 492 accidere
789 433 841 492 fuit
849 452 977 506 necesse,
987 444 1018 492 ut
1027 435 1090 494 sine
1100 434 1204 493 timore

209 531 268 590 ullo
288 551 354 592 rura
375 535 505 594 colentes
529 533 608 609 prius
633 534 670 591 ab
695 534 823 609 equitatu
847 533 1087 609 opprimerentur,
1113 550 1203 609 quam

210 630 367 707 confugere
389 634 418 691 in
438 631 547 710 oppida
566 641 693 707 possent.
737 631 873 708 Namque
890 632 977 690 etiam
997 631 1066 690 illud
1085 631 1203 706 vulgare

182 727 383 791 ¹&incursionis
410 733 538 792 hostium
567 735 690 810 signum,
719 731 799 806 quod
827 730 968 789 incendiis
1004 730 1203 789 aedificiorum

209 827 335 904 intellegi
362 831 519 902 consuevit,
549 829 681 890 Caesaris
710 840 771 888 erat
797 829 950 888 interdicto
982 828 1134 898 sublatum,
1163 846 1202 886 ne

210 937 258 985 aut
286 928 373 1004 copia
401 928 499 1004 pabuli
527 929 729 1004 frumentique,
758 929 782 987 si
809 926 925 1004 longius
949 926 1085 1004 progredi
1109 926 1202 996 vellet,

211 1024 389 1095 deficeretur,
410 1038 459 1085 aut
478 1027 578 1086 hostes
600 1028 741 1086 incendiis
769 1036 950 1085 terrerentur.
992 1025 1092 1083 Multis
1116 1025 1202 1083 hom-

209 1121 290 1181 inum
308 1125 422 1184 milibus
440 1126 532 1201 captis
548 1127 687 1202 perterriti
701 1125 854 1200 Bituriges,
869 1126 919 1201 qui
939 1124 1065 1200 primurn
1082 1123 1202 1182 advent·

166 1233 197 1272 10
210 1239 259 1278 um
281 1233 434 1298 potuerant
455 1224 582 1300 effugere
611 1223 823 1294 Romanorum,
847 1224 878 1281 in
907 1223 1043 1280 finitimas
1072 1222 1202 1280 civitates

210 1330 258 1378 aut
278 1321 393 1397 privatis
415 1322 547 1399 hospitiis
569 1323 673 1381 confisi
694 1332 742 1380 aut
764 1322 900 1380 societate
923 1311 1112 1379 consiliorum
1130 1338 1203 1378 con-

210 1416 350 1493 fugerant.
393 1421 527 1479 Frustra:
550 1441 618 1479 nam
641 1420 749 1480 Caesar
769 1421 881 1496 magnis
901 1419 1049 1478 itineribus
1067 1420 1202 1478 omnibus

210 1516 282 1576 locis
301 1521 426 1578 occurrit
440 1539 495 1579 nec
517 1522 566 1579 dat
580 1519 628 1579 ulli
650 1520 755 1580 civitati
777 1521 902 1596 spatium
923 1519 960 1576 de
981 1519 1075 1577 aliena
1095 1518 1202 1594 potius

211 1633 299 1691 quarn
333 1618 370 1676 de
399 1618 557 1678 domestica
589 1619 678 1678 salute
712 1617 875 1695 cogitandi;
911 1635 970 1693 qua
1002 1617 1146 1675 celeritate
1175 1627 1204 1675 et

165 1721 195 1774 15
211 1712 310 1773 fideles
330 1718 441 1776 amicos
460 1719 600 1776 retinebat
614 1727 642 1776 et
662 1718 826 1776 dubitantes
841 1729 948 1775 terrore
963 1715 1000 1773 ad
1014 1715 1204 1774 condiciones

210 1813 289 1887 pacis
305 1814 476 1875 adducebat.
518 1816 584 1874 Tali
604 1816 775 1874 condicione
795 1815 944 1890 proposita
962 1812 1114 1888 Bituriges,
1135 1831 1204 1872 cum

211 1912 265 1970 sibi
298 1913 428 1971 viderent
460 1914 613 1974 clementia
644 1912 776 1973 Caesaris
803 1913 927 1972 reditum
957 1921 1055 1988 patere
1083 1912 1113 1968 in
1142 1912 1204 1970 eius

212 2011 367 2070 amicitiam
395 2011 588 2090 finitimasque
617 2013 744 2072 civitates
772 2013 835 2070 sine
868 2011 925 2069 ulla
959 2029 1056 2087 poena
1087 2009 1203 2068 dedisse
1273 2017 1276 2022 ’

212 2110 328 2169 obsides
343 2121 428 2187 atque
443 2113 473 2170 in
488 2114 575 2172 fidem
590 2123 721 2190 receptas
736 2131 809 2182 esse,
823 2113 901 2170 idem
917 2112 1054 2170 fecerunt.

167 2227 198 2264 πο
251 2213 283 2267 4.
305 2208 413 2268 Caesar
440 2212 576 2269 militibus
601 2230 655 2287 pro
683 2220 764 2269 tanto
792 2211 890 2269 labore
920 2228 954 2268 ac
982 2209 1128 2285 patientia,
1154 2209 1204 2284 qui

213 2306 388 2365 brumalibus
411 2309 522 2380 diebus,
544 2310 693 2367 itineribus
714 2309 894 2380 difficillimis,
912 2308 1066 2384 frigoribus
1088 2308 1203 2365 intoler-

211 2403 294 2460 andis
313 2404 523 2466 studiosissime
542 2417 761 2482 permanserant
779 2407 810 2463 in
829 2407 938 2476 labore,
954 2405 1084 2463 ducenos
1101 2415 1204 2464 sester-

212 2498 274 2569 tios,
290 2503 506 2562 centurionibus
520 2514 563 2562 tot
577 2504 656 2562 milia
676 2523 829 2562 nummum
849 2503 974 2581 praedae
994 2503 1114 2560 nomine
1134 2520 1205 2561 con·

213 2592 350 2653 donanda
364 2597 513 2672 pollicetur
527 2599 747 2674 legionibusque
762 2599 792 2656 in
806 2599 926 2656 hiberna
940 2598 1068 2656 remissis
1088 2598 1151 2673 ipse
1174 2616 1205 2656 se

169 2715 197 2762 ²5
212 2691 312 2768 recipit
337 2694 384 2752 die
409 2696 634 2772 quadragesimo
658 2696 801 2755 Bibracte.
851 2697 896 2755 lbi
921 2714 988 2754 curn
1016 2697 1061 2754 ius
1088 2696 1204 2766 diceret,

213 2790 355 2868 Bituriges
376 2794 413 2852 ad
435 2813 502 2853 eum
526 2796 638 2872 legatos
659 2797 774 2854 mittunt
796 2775 933 2854 auxilium
958 2795 1079 2870 petitum
1104 2805 1206 2853 contra

213 2887 364 2963 Camutes‚
386 2911 460 2968 quos
482 2893 610 2952 intulisse
632 2893 739 2952 bellum
764 2895 817 2952 sibi
838 2894 1039 2970 querebantur.
1083 2891 1151 2965 Qua
1174 2912 1205 2950 re

214 2989 331 3063 cognita
353 3009 420 3048 cum
442 2992 503 3050 dies
528 3011 589 3050 non
614 2993 737 3070 amplius
762 2993 864 3052 decern
889 3002 918 3049 et
938 3003 1007 3051 octo
1028 2992 1206 3050 inhibentis

213 3097 289 3146 esset
316 3100 454 3161 moratus,
482 3091 612 3167 legiones
642 3111 693 3150 xiv
718 3102 747 3151 et
771 3109 803 3150 vr
832 3111 868 3150 ex
896 3091 1023 3150 hibernis
1051 3092 1087 3150 ab
1116 3091 1207 3151 Arare

169 3199 200 3248 30
213 3186 317 3256 educit,
332 3207 404 3263 quas
419 3190 457 3246 ibi
472 3191 628 3249 collocatas
644 3190 833 3266 explicandae
847 3191 888 3247 rei
903 3189 1104 3248 frumentariae
1119 3207 1208 3248 causa

213 3287 358 3359 superiore
381 3291 591 3348 commentario
610 3290 840 3348 demonstratum
858 3297 921 3347 est:
949 3289 989 3348 ita
1006 3307 1073 3347 cum
1095 3288 1207 3348 duabus

212 3379 375 3455 legionibus
390 3387 426 3444 ad
446 3388 665 3464 persequendos
681 3387 824 3447 Carnutes
838 3385 1033 3462 proficiscitur.
1078 3393 1106 3446 ὅ.
1131 3385 1207 3445 Cum

213 3475 290 3538 fama
309 3486 452 3543 exercitus
470 3487 507 3545 ad
521 3487 620 3547 hostes
640 3496 717 3546 esset
730 3486 847 3563 perlata,
868 3485 1030 3544 calamitate
1046 3496 1207 3544 ceterorum
