2650 3918
205 218 247 290 70
482 208 488 214 “
512 209 566 274 ''c.
589 211 685 273 ruirr
707 210 881 274 circumc
1160 229 1207 275 rr.

203 364 315 442 proelio
329 366 505 427 lacesserent
518 377 555 439 et,
571 369 593 426 si
608 369 664 444 ipsi
677 367 895 439 lacesserentur,
910 367 1092 438 sustinerent,
1107 365 1209 443 quoad

201 464 264 540 ipse
288 483 357 524 cum
382 466 511 525 exercitu
533 467 654 544 propius
678 467 856 526 accessisset.
897 471 945 524 12.
965 465 1007 524 At
1031 465 1131 524 hostes
1156 465 1207 523 ubi

201 563 328 638 primum
347 575 463 624 nostros
482 566 593 642 equites
612 575 836 641 conspexerunt,
851 583 977 642 quorum
995 574 1057 623 erat
1075 565 1206 642 quinque

202 661 282 719 miliu
334 681 480 735 numerus,
496 683 563 722 cum
584 665 639 740 ipsi
657 683 721 723 non
742 664 867 740 amplius
885 663 1073 739 octingentos
1092 663 1207 740 equites

174 727 349 834 ebiberent,
364 763 445 838 quod
459 763 486 833 ii,
502 763 551 839 qui
566 761 762 821 frumentandi
776 780 865 821 causa
875 763 968 821 ierant
982 771 1062 820 trans
1076 761 1206 832 Mosam,

202 859 334 918 nondum
348 861 501 928 redierant,
517 861 586 919 nihil
600 862 766 919 timentibus
781 862 896 932 nostris,
909 860 989 937 quod
1002 860 1090 936 legati
1101 878 1205 919 eorum

202 959 290 1034 paulo
309 969 376 1018 ante
395 978 413 1018 a
432 959 557 1019 Caesare
576 960 769 1019 discesserant
790 971 878 1037 atque
892 961 917 1019 is
936 961 998 1020 dies
1011 958 1128 1018 indutiis
1144 969 1205 1017 erat

202 1058 240 1115 ab
255 1056 300 1115 his
319 1058 432 1133 petitus,
454 1059 565 1134 impetu
579 1057 656 1116 facto
676 1058 805 1118 celeriter
819 1067 935 1118 nostros
949 1058 1186 1134 perturbaverunt
1194 1077 1204 1129 ;

201 1171 299 1214 rursus
320 1155 519 1215 resistentibus
540 1156 751 1216 consuetudine
773 1175 826 1216 sua
846 1157 884 1216 ad
904 1157 996 1232 pedes
1017 1155 1203 1226 desiluerunt,

121 1293 124 1301 .
161 1265 192 1304 ιο·
202 1252 343 1312 subfossis
364 1254 446 1328 equis
468 1252 724 1330 compluribusque
745 1255 853 1313 nostris
881 1255 1001 1366 depetis
1022 1254 1150 1330 reliquos
1168 1252 1203 1310 'in

201 1350 301 1426 fugam
315 1351 501 1409 coniecerunt
515 1361 602 1429 atque
617 1353 657 1410 ita
670 1353 834 1428 perterritos
854 1311 984 1428 dgerunt,
998 1363 1030 1411 ut
1047 1369 1108 1410 non
1122 1351 1202 1428 prius

201 1448 271 1526 luga
282 1448 459 1522 desisterent,
469 1469 558 1527 quarn
568 1452 599 1510 in
610 1462 801 1528 conspectum
810 1435 936 1528 agminis
944 1452 1036 1512 nostri
1046 1453 1202 1511 venissent

202 1547 238 1606 In
257 1565 293 1607 eo
313 1549 424 1625 proelio
442 1567 479 1608 ex
499 1551 642 1628 equitibus
662 1550 768 1609 nostris
788 1551 998 1609 interficiuntur
1018 1559 1153 1627 quattuor
1174 1559 1203 1608 et

202 1647 445 1762 septuaglqtffs,jiss
466 1649 510 1708 his
531 1649 573 1706 vir
594 1648 774 1720 fortissimus,
795 1649 864 1707 Piso
888 1649 1061 1725 Aquitanus,
1084 1648 1202 1724 amplis·

160 1765 187 1814 15
202 1746 277 1804 simo
291 1742 397 1821 genere

201 1852 262 1902 erat
283 1844 395 1903 amicus
415 1846 453 1903 ab
475 1855 578 1904 senatu
599 1855 700 1903 nostro
729 1845 899 1922 appellatus
941 1845 1001 1904 Hic
1029 1863 1096 1904 cum
1124 1845 1202 1904 fratri

201 1941 357 2001 intercluso
386 1943 423 2000 ab
450 1942 583 2002 hostibus
610 1943 749 2002 auxilium
777 1943 870 2014 ferret,
898 1943 978 2002 illum
1007 1961 1043 2002 ex
1072 1943 1203 2020 periculo
1272 1939 1273 1944 ’

202 2041 313 2118 eripuit,
328 2041 392 2117 ipse
406 2059 483 2118 equo
497 2041 648 2100 vulnerato
662 2042 798 2112 deiectus,
814 2040 913 2118 quoad
927 2042 1031 2117 potuit,
1045 2041 1202 2100 fortissime

201 2140 317 2198 restitit:
339 2158 407 2198 eum
422 2142 633 2199 circumventus
650 2140 747 2198 multis
761 2139 924 2198 vulneribus
939 2141 1066 2216 acceptis
1080 2140 1202 2198 cecidis-

158 2256 189 2290 πο
201 2246 252 2308 set,
281 2247 367 2314 atque
400 2239 430 2296 id
462 2225 557 2310 frater,
586 2240 636 2315 qui
669 2239 728 2296 iam
759 2238 871 2314 proelio
900 2249 1071 2309 excesserat,
1099 2239 1203 2315 procul

201 2336 458 2408 animadvertisset,
473 2339 593 2396 incitato
608 2355 685 2413 equo
705 2355 736 2395 se
751 2337 883 2396 hostibus
898 2336 1000 2396 obtulit
1015 2346 1101 2413 atque
1115 2339 1201 2396 inter-

201 2432 293 2492 fectus
322 2444 373 2492 est.
415 2441 463 2495 13.
486 2435 555 2494 Hoc
576 2436 655 2494 sacto
680 2436 791 2512 proelio
813 2436 922 2495 Caesar
943 2454 1039 2512 neque
1064 2438 1122 2494 iam
1147 2437 1202 2496 sibi

182 2531 312 2621 'legatos
327 2531 488 2592 audiendos
503 2530 598 2610 neque
611 2534 800 2592 condiciones
815 2534 998 2610 accipiendas
1012 2535 1203 2593 arbitrabatur

201 2631 238 2687 ab
253 2629 296 2701 iis,
311 2631 361 2707 qui
375 2649 426 2707 per
448 2631 548 2691 dolum
569 2641 656 2708 atque
674 2632 793 2690 insidias
807 2633 896 2708 petita
917 2650 990 2709 pace
1003 2632 1079 2690 ultro
1093 2632 1203 2691 bellurn

158 2744 187 2793 ²5
201 2728 380 2790 intulissent:
402 2738 571 2807 exspectare
585 2748 663 2802 vero,
677 2729 748 2788 dum
762 2729 893 2804 hostium
908 2730 1010 2805 copiae
1028 2739 1203 2806 augerentur

201 2826 402 2904 equitatusque
421 2839 615 2899 reverteretur,
631 2846 761 2887 summae
784 2789 946 2886 dedimiae
968 2845 1031 2886 esse
1046 2828 1202 2898 iudicabat,

201 2931 230 2982 et
258 2926 376 3000 cognita
404 2925 556 2986 Gallorum
583 2927 754 2997 infimritate,
784 2935 925 3001 quantum
954 2925 1012 2982 iam
1040 2925 1118 3002 apud
1148 2942 1203 2984 eos

200 3022 300 3082 hostes
321 3043 382 3084 uno
403 3026 515 3102 proelio
536 3025 712 3085 auctoritatis
734 3033 831 3083 essent
859 3025 1017 3095 consecuti,
1039 3023 1201 3096 sentiebat;

200 3122 306 3196 quibus
326 3123 364 3181 ad
383 3123 504 3181 consilia
522 3123 663 3200 capienda
682 3123 753 3181 nihil
766 3122 852 3198 spatii
866 3122 996 3181 dandum
1010 3121 1202 3182 existimabat.

157 3237 189 3281 30
201 3219 260 3278 His
281 3221 443 3279 constitutis
467 3222 554 3280 rebus
578 3230 607 3280 et
631 3213 845 3281 consiliosum
867 3221 970 3298 legatis
994 3231 1023 3280 et
1047 3231 1203 3296 quaestore

202 3319 427 3390 communicato,
442 3338 480 3376 ne
497 3338 585 3395 quem
604 3319 682 3378 diem
696 3339 813 3396 pugnae
832 3320 1078 3397 praetermitteret,
1092 3337 1203 3398 oppor-

202 3416 354 3476 tunissima
368 3436 414 3476 res
428 3417 542 3491 accidit,
557 3419 637 3494 quod
651 3418 790 3494 postridie
806 3419 867 3477 eius
882 3417 939 3476 diei
953 3436 1040 3477 mane
1055 3419 1160 3478 eadem
1174 3429 1205 3478 et

202 3513 323 3586 perfidia
351 3525 380 3574 et
411 3516 594 3576 simulatione
624 3517 670 3574 usi
697 3516 838 3575 Germani
868 3516 1033 3593 frequentes
1064 3517 1204 3576 omnibus

411 1756 506 1819 natus,
521 1747 603 1806 cuius
621 1747 690 1805 avus
705 1747 735 1805 in
752 1748 865 1806 civitate
878 1765 931 1805 sua
951 1765 1072 1822 regnum
1086 1747 1202 1806 obtinu-
1297 1764 1302 1771 ·
