2630 3916
189 192 232 262 54
398 241 403 249 .
430 203 448 208 ”
532 192 562 243 C.
584 192 680 242 IULII
701 189 877 242 CAESARIS
1136 193 1187 240 ΙΙΙ.

187 359 345 419 maioribus
364 367 545 436 acceperant,
560 375 731 436 permanere
746 377 836 436 quam
850 359 1053 418 Romanorum
1073 358 1191 418 servitu·

187 467 246 516 tem
260 457 386 534 perferre
408 457 536 516 mallent.
580 456 670 517 Omni
684 476 736 517 ora
753 459 897 516 maritima
909 457 1038 516 celeriter
1051 457 1089 516 ad
1106 473 1190 516 suam

187 557 359 616 sententiam
379 557 519 632 perducta
538 573 727 614 communem
747 555 924 633 legationem
943 555 981 614 ad
999 555 1032 616 P.
1050 554 1190 614 Crassum

187 653 312 725 mittunt,
323 654 424 714 sivelit
436 655 652 730 suosrecipere,
663 653 781 713 obsides
796 655 1059 741 sibiremittatffto
1074 651 1190 724 Quibus
1240 655 1242 660 '

158 753 238 851 sde
243 754 329 812 rebus
349 749 458 812 Ca'esar
476 755 514 811 ab
535 751 643 811 Crasso
664 753 769 811 certior
788 752 890 824 factus,
910 753 1018 829 quod
1010 770 1074 828 rpse
1091 753 1190 810 aberat

185 817 312 926 longius,
337 869 425 910 naves
450 851 564 909 interim
585 850 691 926 longas
712 851 887 910 aedificari
880 869 910 908 ιιι
933 851 1052 962 flumine
1074 849 1189 925 Ligere,

186 948 268 1024 quod
281 939 395 1006 influit
363 959 418 1006 t1n
430 947 591 1019 Oceanum,
605 949 731 1024 remiges
745 967 781 1006 ex
793 948 998 1025 provincias
953 916 998 1007 iis
994 909 1157 1020 uibar
1086 957 1190 1007 nautas

186 1047 452 1122 gubernatoresque
477 1045 641 1123 comparari
665 1047 752 1105 iubet.
796 1046 853 1106 His
876 1048 963 1106 rebus
988 1047 1085 1106 celerit
1074 1057 1117 1104 ter
1138 1047 1189 1106 ad-

186 1144 353 1202 ministratis
375 1145 447 1220 ipse,
466 1163 533 1203 cum
557 1143 684 1221 primum
712 1162 764 1220 per
790 1145 861 1204 anni
884 1155 1001 1222 tempus
1028 1146 1131 1221 potuit,
1143 1142 1190 1204 ad

144 1269 175 1304 ra
187 1247 294 1304 exercit
294 1265 344 1303 um
359 1246 517 1304 contendit
559 1245 664 1305 Veneti
686 1246 900 1323 reliquaeque
892 1257 961 1306 rtem
976 1247 1071 1306 civitat
1072 1266 1104 1306 es
1118 1265 1189 1323 cog·

187 1343 249 1400 nito
271 1342 406 1403 Caesaris
427 1316 554 1403 aduentu
575 1345 711 1403 certiores
735 1343 811 1417 lacti,
832 1345 916 1404 simul
938 1345 1027 1422 quod,
1048 1354 1190 1422 quantum

187 1443 217 1499 in
231 1459 263 1501 se
278 1442 390 1502 facinus
404 1443 599 1512 admisissent,
614 1442 828 1520 intellegebant,
842 1443 965 1519 legatos,
985 1443 1066 1520 quod
1080 1461 1190 1502 nomen

187 1541 225 1600 ad
247 1559 354 1600 ornnes
373 1561 411 1600 na
411 1543 507 1601 tiones
531 1552 665 1601 sanctum
689 1541 916 1619 inviolatumque
942 1561 1057 1619 semper
1079 1543 1190 1614 fuisset,

186 1606 317 1698 reieiios
331 1640 368 1699 ab
389 1658 420 1699 se
434 1651 463 1699 et
477 1641 507 1698 in
521 1640 634 1699 vincula
649 1641 807 1711 coniectos,
821 1658 875 1717 pro
894 1641 1095 1718 magnitudine
1115 1629 1194 1717 peri-¹

144 1757 173 1807 ¹5
187 1737 243 1796 euli
257 1739 366 1798 bellum
382 1758 486 1816 parare
500 1749 529 1797 et
542 1739 670 1796 maxime
671 1757 728 1837 “eq
744 1758 819 1816 quae
833 1737 871 1798 ad
883 1758 971 1835 usqm
989 1741 1106 1798 navium
1123 1759 1190 1817 per-

186 1837 279 1941 ‘amisit
308 1837 458 1914 providere
479 1837 640 1908 instituunt,
661 1838 719 1895 hoc
743 1838 853 1896 maiore
878 1856 940 1914 spe,
963 1838 1044 1914 quod
1064 1838 1190 1896 multum

186 1947 271 1994 natur
323 1935 382 1994 loci
415 1935 610 1994 confidebant.
660 1935 808 1994 Pedestria
841 1954 906 1994 esse
936 1937 1039 1994 itinera
1070 1937 1192 1996 concisa

186 2033 345 2105 aestuariis,
364 2035 581 2110 navigationem
595 2033 765 2110 impeditam
779 2046 907 2148 propt2
867 2054 898 2093 er
911 2035 1094 2094 inscientiam
1109 2036 1191 2094 loeo·

185 2128 250 2192 rum
264 2134 499 2210 paucitatemque
512 2143 648 2210 portuum
659 2134 789 2192 sciebant
790 2099 907 2210 ,iieqtie
913 2144 1031 2192 nostros
1044 2134 1191 2194 exercitus

143 2255 173 2288 ιο
186 2242 306 2309 propter
323 2232 481 2290 frumenti
474 2233 606 2340 mopiam
621 2233 690 2290 diut
670 2242 726 2290 trus
741 2232 820 2308 apud
837 2251 868 2290 se
888 2234 995 2291 morari
1014 2250 1104 2310 posse
1119 2250 1191 2294 con·

186 2329 334 2389 fidebant:
364 2348 399 2388 ac
426 2331 486 2388 iam
508 2341 540 2388 ut
568 2331 668 2389 omnia
691 2341 793 2389 contra
817 2332 988 2406 opinionem
1015 2332 1191 2405 acciderent,

185 2437 285 2487 tamen
308 2447 339 2486 se
362 2429 518 2504 plurimum
538 2429 662 2486 navibus
686 2447 783 2505 posse,
807 2429 960 2488 Romanos
985 2448 1080 2506 neque
1102 2431 1191 2489 ullam

184 2526 351 2586 facultatem
369 2527 477 2586 habere
498 2527 615 2586 navium
629 2545 725 2603 neque
743 2545 846 2586 eorum
860 2527 1000 2598 locorum,
1018 2529 1069 2585 ubi
1083 2529 1192 2586 bellum

185 2627 294 2702 gesturi
308 2635 414 2697 essent,
430 2625 512 2697 vada,
527 2635 640 2703 portus,
660 2626 772 2684 insulas
788 2627 922 2698 novisse;
944 2644 978 2685 ac
997 2627 1087 2702 longe
1105 2626 1193 2686 aliam

141 2745 173 2794 25
186 2741 251 2782 esse
266 2726 482 2800 navigationem
496 2725 526 2782 in
541 2723 681 2783 concluso
696 2743 769 2782 man
762 2693 892 2801 atique
884 2744 914 2782 ιιι
924 2727 1088 2784 vastissimo
1103 2734 1192 2802 atque
1251 2800 1254 2809 ¹

185 2826 368 2901 apertissimo
380 2824 501 2904 Oceano
512 2824 734 2900 perspiciebant.
772 2823 851 2882 His'
844 2824 922 2882 initis
936 2824 1065 2883 consiliis
1079 2824 1192 2900 oppida

185 2924 329 2996 muniunt,
344 2924 489 2983 frumenta
459 2934 545 2982 tex
560 2923 636 2998 agris
655 2923 686 2980 in
704 2923 816 2998 oppida
836 2933 1031 3000 comportant,
1046 2940 1136 2984 naves
1159 2923 1191 2980 in

185 3017 350 3094 Venetiam,
369 3024 420 3082 ubi
434 3022 591 3082 Caesarem
604 3023 734 3100 primum
751 3041 816 3081 esse
829 3023 952 3118 bellum
975 3033 1105 3082 esturum
1119 3041 1192 3081 con-

186 3123 289 3193 stabat,
312 3140 402 3232 qqam
421 3121 560 3198 plurimas
582 3131 715 3197 possunt
738 3131 855 3198 cogunt.
899 3089 1003 3180 So‘cros
1025 3121 1079 3180 sibi
1101 3121 1139 3180 ad
1161 3123 1192 3182 id

140 3241 173 3290 30
185 3221 294 3278 bellum
308 3181 452 3291 osisines,
472 3220 627 3290 Lexovios
648 3219 819 3292 Namnetes,
843 3221 1026 3292 Ambiliatos,
1047 3219 1193 3292 Morinos,

184 3317 315 3377 Diablint
304 3329 356 3389 tes,
376 3318 531 3394 Menapios
550 3318 733 3391 adsciscunt;
756 3320 862 3377 auxilia
883 3338 919 3378 ex
939 3319 1098 3390 Britannia,
1116 3337 1209 3426 quae

185 3427 358 3476 contraeas
382 3417 517 3491 regiones
544 3417 641 3493 posita
668 3426 720 3487 est,
749 3427 907 3476 arcessunt.
949 3424 997 3476 10.
1022 3417 1115 3477 Erant
1137 3391 1209 3478 hae

173 3512 366 3610 'difficultates
384 3515 450 3572 belli
464 3515 594 3592 gerendi,
612 3533 685 3592 quas
705 3531 793 3593 supra
814 3516 1005 3586 ostendimus,
1027 3517 1080 3576 sed
1099 3517 1194 3577 multa
