2650 3918
139 173 278 244 47-50,
365 175 412 222 DE
433 174 543 225 BELLO
566 175 716 224 GALLICO
739 174 849 224 COMM.
876 173 906 222 V.
1076 175 1137 242 1οΖ

139 324 177 383 ad
191 322 290 386 turrim
305 323 435 385 adhaesit
449 341 544 401 neque
559 324 716 386 abnostris
732 323 822 382 biduo
838 322 1038 382 animadversa
1052 323 1135 382 tertio

139 423 186 482 die
214 442 232 482 a
260 423 388 500 quodam
416 422 504 484 milite
533 422 718 498 conspicitur,
747 421 866 498 dempta
896 421 934 480 ad
962 420 1134 480 Ciceronem

139 521 273 583 defertur.
315 521 366 580 Ille
387 520 544 598 perlectam
565 523 595 580 in
616 530 761 582 conventu
782 521 904 578 militum
924 521 1023 588 recitat
1044 521 1135 582 maxi-

138 636 245 695 maque
260 637 364 682 omnes
380 619 487 681 laetitia
501 619 595 678 afficit.
637 619 717 678 Tum
731 617 802 676 lumi
821 617 1020 676 incendiorum
1034 617 1136 692 procul

139 715 323 788 videbantur;
343 735 417 792 quae
428 735 474 774 res
485 735 604 774 omnem
615 716 825 775 dubitationem
836 715 975 779 adventus
985 714 1134 788 legionum
1149 730 1162 780 5

139 814 255 890 expulit.
297 820 351 874 49.
374 813 450 873 Galli
470 833 501 872 re
522 815 639 891 cognita
659 834 711 891 per
732 814 929 890 exploratores
950 813 1135 872 obsidionem

139 906 311 989 relinquunt,
331 912 369 973 ad
391 913 546 972 Caesarem
566 915 702 972 omnibus
723 913 815 989 copiis
836 911 1024 970 contendunt.
1066 910 1133 971 Hae

138 1021 220 1074 erant
234 1021 344 1070 armata
358 1011 468 1070 circiter
481 1012 560 1070 milia
574 1028 619 1070 Lx.
663 1011 767 1070 Cicero
785 1012 853 1071 data
866 1010 1001 1069 facultate
1017 1009 1134 1072 Gallum

138 1109 303 1168 abeodem
324 1109 490 1180 Verticone,
512 1128 600 1186 quern
622 1129 709 1187 supra
730 1109 1001 1180 demonstravimus,
1022 1110 1133 1185 repetit,

139 1208 188 1283 qui
207 1207 312 1266 litteras
332 1207 370 1266 ad
390 1207 545 1267 Caesarem
565 1208 673 1267 delerat
682 1229 691 1282 ;
716 1209 794 1269 hunc
814 1210 960 1279 admonet,
979 1209 1031 1266 iter
1050 1217 1133 1268 caute
1149 1235 1178 1270 10

140 1307 346 1384 diligenterque
368 1307 468 1366 faciat:
497 1309 646 1385 perscribit
670 1309 701 1366 in
725 1301 823 1368 litteris
844 1308 942 1368 hostes
963 1308 1001 1366 ab
1025 1325 1056 1366 se
1077 1307 1134 1367 dis-

139 1406 261 1464 cessisse
299 1423 476 1482 omncmque
514 1407 551 1464 ad
590 1425 666 1487 eum
694 1407 907 1466 multitudinem
948 1393 1132 1466 conuertisse.

139 1503 256 1575 Quibus
287 1505 385 1570 litteris
417 1505 528 1565 circiter
558 1504 654 1563 media
685 1515 772 1564 nocte
802 1504 911 1566 Caesar
942 1503 1033 1563 allatis
1064 1523 1133 1565 suos

138 1602 206 1666 facit
237 1603 373 1662 certiores
404 1621 513 1678 eosque
545 1603 583 1662 ad
613 1603 811 1662 dimicandum
842 1604 940 1662 animo
973 1603 1133 1662 confirmat.

139 1701 261 1762 Postero
296 1702 342 1763 die
377 1702 440 1762 luce
476 1702 569 1778 prima
600 1711 697 1760 movet
729 1713 822 1762 castra
853 1712 881 1761 et
912 1703 1023 1762 circiter
1056 1703 1134 1762 milia
1149 1726 1177 1776 15

139 1817 278 1876 passuum
299 1809 434 1875 quattuor
455 1818 626 1876 progressus
647 1809 725 1859 trans
747 1799 849 1858 vallem
869 1809 898 1858 et
922 1803 1014 1860 rivum
1038 1783 1133 1861 inulti·

139 1899 268 1962 tudinem
302 1897 429 1959 hostium
464 1899 655 1973 conspicatur.
695 1897 767 1956 -Erat
800 1897 899 1972 magni
933 1899 1053 1974 periculi
1086 1917 1133 1957 res
1187 1933 1188 1936 =

138 1997 255 2056 tantulis
279 1997 371 2074 copiis
396 1997 497 2073 iniquo
521 1996 590 2056 loco
613 1996 766 2068 diducare3
795 2005 865 2068 tum,
890 1998 1030 2072 quoniam
1055 1997 1133 2055 obsi·

138 2096 226 2154 dione
247 2095 398 2153 liberatum
418 2093 591 2155 Ciceronem
612 2095 728 2165 sciebat,
749 2111 845 2170 aequo
866 2095 965 2154 animo
985 2095 1132 2153 remitten-

138 2193 209 2252 dum
226 2193 262 2252 de
277 2193 419 2252 celeritate
433 2193 632 2253 existimabat:
655 2192 787 2250 consedit
801 2201 838 2262 et,
854 2209 943 2268 quarn
957 2193 1131 2269 aequissimo
1147 2218 1177 2253 20

136 2291 203 2356 loco
225 2301 330 2368 potest,
349 2301 443 2350 castra
462 2291 623 2351 communit
645 2302 730 2367 atque
751 2291 832 2362 haec,
853 2291 906 2348 etsi
927 2302 1009 2350 erant
1028 2293 1133 2367 exigua

138 2410 189 2466 per
211 2410 250 2462 se,
269 2393 316 2450 vir
338 2391 489 2450 hominum
509 2391 618 2449 milium
639 2400 751 2469 septem
772 2391 940 2467 praesertim
961 2391 1044 2450 nullis
1065 2411 1132 2450 cum

137 2491 359 2566 impedimentis,
375 2499 472 2549 tamen
487 2489 626 2566 angustiis
643 2489 760 2561 viarum,
776 2507 865 2566 quam
883 2491 1010 2548 maxime
1027 2501 1131 2567 potest,

137 2589 288 2662 contrahit,
300 2607 337 2648 eo
351 2589 482 2660 consilio,
492 2599 525 2648 ut
539 2588 568 2645 in
584 2606 727 2646 summam
739 2591 988 2668 contemptionem
1001 2589 1132 2648 hostibus

137 2689 239 2748 veniat.
281 2688 401 2752 Interim
429 2687 656 2763 speculatoribus
687 2687 716 2746 in
744 2700 850 2749 omnes
880 2699 975 2766 partes
1007 2689 1131 2749 dimissis
1145 2714 1175 2764 ²¹5

136 2788 275 2864 explorat,
298 2806 356 2865 quo
379 2787 615 2847 commodissime
640 2787 740 2846 itinere
761 2789 864 2848 vallem
885 2790 1005 2848 transire
1030 2791 1131 2866 possit.

137 2893 190 2948 50.
212 2886 258 2944 Eo
287 2886 333 2946 die
360 2884 484 2960 parvulis
509 2885 689 2960 equestribus
714 2886 831 2962 proeliis
855 2888 894 2945 ad
918 2906 1025 2963 aquarn
1048 2888 1131 2948 factis

136 2985 249 3061 utrique
277 3002 340 3045 sese
369 3001 423 3041 suo
455 2982 520 3041 loco
549 2981 719 3040 continent:
755 2982 839 3056 Galli,
868 2985 948 3060 quod
977 2986 1131 3061 ampliores

137 3084 244 3159 copias,
270 3100 345 3157 quae
369 3080 502 3139 nondum
527 3089 731 3151 convenerant,
756 3083 984 3159 exspectabant3
1014 3083 1130 3155 Caesar,

137 3183 160 3242 si
180 3181 255 3242 forte
279 3180 389 3238 timoris
414 3179 597 3236 simulatione
621 3177 722 3236 hostes
746 3179 776 3236 in
802 3199 886 3240 suum
910 3181 1008 3240 locum
1029 3181 1129 3240 elicere
1144 3193 1179 3264 30¹

136 3289 244 3356 posset,
269 3287 301 3336 ut
326 3278 395 3336 citra
416 3276 519 3334 vallem
543 3294 598 3352 pro
619 3278 719 3334 castris
744 3279 855 3354 proelio
876 3277 1079 3350 contenderet3
1106 3281 1130 3338 si

136 3380 166 3438 id
186 3379 298 3442 efficere
319 3394 380 3434 non
403 3383 511 3452 posset,
532 3384 563 3432 ut
584 3375 739 3450 exploratis
762 3377 908 3436 itineribus
929 3377 1040 3434 minore
1062 3395 1130 3438 curn

136 3477 264 3554 periculo
292 3474 395 3534 vallem
423 3473 571 3550 rivumque
599 3473 739 3533 transiret.
781 3475 876 3536 Prima
907 3472 971 3532 luce
1001 3474 1134 3548 hostium,
