2630 3916
180 155 219 200 10
507 152 536 202 e.
559 148 654 201 loru
669 97 852 223 dem&
898 133 906 147 '
1073 98 1076 130 ἕ
1150 137 1180 203 'n

179 309 248 372 erat,
262 317 350 377 quem
364 304 567 378 vergobretum
586 277 732 379 appellant
749 302 852 374 Aedui,
868 303 917 380 qui
937 311 1048 362 creatur
1061 321 1175 364 annuus

115 425 118 432 ι
179 409 207 458 et
228 399 301 458 vitae
329 399 467 477 necisque
495 400 526 459 in
551 418 621 460 suos
648 401 735 460 habet
763 410 946 478 potestatem,
974 402 1096 477 graviter
1123 421 1175 462 eos
1259 455 1261 459 .

178 506 304 570 accusat,
319 496 407 574 quod,
422 515 490 556 curn
510 516 606 574 neque
620 499 685 582 'emi
704 516 799 575 neque
818 517 856 556 ex
875 499 952 575 agris
972 500 1046 558 sumi
1065 509 1185 576 posset,¹
1285 571 1292 584 x
1314 562 1315 589 ἢ

178 604 238 654 tam
266 596 428 655 necessario
455 605 596 672 tempore,
624 605 685 654 tam
711 584 884 674 propinquis
910 597 1042 656 hostibus
1074 600 1111 656 ab
1139 598 1174 658 iis

149 710 239 760 enon
267 694 429 753 sublevetur
436 711 445 765 ς
473 693 643 769 praesertim
670 711 738 752 cum
765 713 874 771 magna
898 714 933 754 ex
961 704 1043 772 parte
1070 711 1173 755 eorum

176 792 309 868 precibus
332 792 474 854 adductus
496 789 603 850 bellum
628 792 794 867 susceperit,
816 792 907 851 multo
935 795 1021 852 etiam
1049 795 1173 872 gravius,

176 890 257 968 quod
266 891 301 950 srt
312 889 462 952 destrtutus
464 889 618 966 ,queriturr
609 895 698 950 ι17.
713 889 793 948 Tum
802 891 921 952 demum
929 891 1032 952 Lrscus
1042 894 1172 952 oratione
1243 941 1246 948 .

176 987 309 1048 Caesaris
341 987 492 1059 adductus,
523 987 604 1063 quod
636 997 723 1046 antea
753 997 889 1058 tacuerat.
917 992 1070 1067 proponit:
1098 991 1172 1052 Esse

175 1086 339 1156 nonnullos,
358 1104 483 1162 quorum
503 1087 660 1145 auctoritas
678 1086 758 1162 apud
771 1086 888 1164 plebem
902 1088 1057 1165 plurimum
1071 1059 1179 1162 valeat,

133 1214 163 1250 10
176 1187 225 1262 qui
253 1186 386 1261 privatim
413 1186 478 1262 plus
506 1186 620 1263 possint
650 1204 740 1262 quam
766 1186 821 1262 ipsi
852 1189 1046 1264 magistratus.
1104 1189 1172 1250 Hos

156 1286 311 1345 ‘seditiosa
338 1295 424 1363 atque
448 1286 586 1362 improba
615 1258 995 1348 orationeLmultitudinem
1022 1287 1172 1358 deterrere,

94 1457 98 1465 ‚
174 1402 213 1443 ne
234 1383 409 1466 frumentum
430 1383 592 1455 conserant,
613 1384 694 1460 quod
721 1395 867 1463 praestare
895 1385 1039 1445 debeant:
1069 1387 1093 1446 si
1113 1388 1176 1451 ianr.

174 1483 368 1560 principatum
391 1481 502 1542 Galliae
526 1483 658 1541 obtinere
681 1502 741 1543 non
765 1485 886 1561 possint,
910 1483 1062 1542 Gallorum
1084 1503 1184 1562 quamn
1254 1543 1261 1566 ,-

174 1563 378 1640 Romanorum
409 1581 532 1658 imperia
559 1582 713 1656 praeferre,
741 1601 836 1660 neque
871 1583 1010 1652 dubitare,
1039 1581 1118 1658 quin,
1148 1583 1171 1641 si
1249 1583 1252 1590 '

131 1705 159 1756 15
174 1678 324 1739 Helvetios
353 1678 549 1756 superaverint
579 1677 716 1752 Romani,
748 1698 807 1738 una
837 1698 905 1739 cum
935 1679 1044 1754 reliqua
1077 1678 1172 1737 Gallia

173 1776 283 1836 Aeduis
304 1776 463 1835 libertatern
480 1780 545 1838 sint·
557 1777 691 1856 erepturi.
732 1776 780 1835 Ab
805 1777 917 1836 eisdem
935 1785 1034 1835 nostra
1051 1775 1172 1835 consilia

173 1893 305 1952 quaeque
326 1877 357 1933 in
378 1877 477 1936 castris
502 1887 639 1954 gerantur
665 1873 798 1934 hostibus
825 1875 983 1933 enuntiari:
1011 1873 1067 1933 hos
1094 1891 1113 1932 a
1140 1891 1172 1932 se

173 1974 298 2034 co'e'rceri
328 1993 390 2032 non
421 1992 516 2051 posse.
572 1974 653 2048 Quin
685 1973 781 2045 etiam,
809 1973 890 2050 quod
917 1973 1082 2032 necessario
1110 1989 1173 2030 rem

173 2083 292 2132 coactus
313 2073 431 2134 Caesari
453 2075 614 2145 enuntiarit,
635 2071 800 2148 intellegere
829 2089 901 2142 sese,
923 2080 1033 2148 quanto
1054 2069 1085 2130 id
1106 2088 1174 2128 cum

129 2195 161 2230 ro
172 2172 301 2246 periculo
322 2172 429 2243 lecerit,
451 2182 479 2232 et
500 2175 539 2232 ob
561 2191 627 2232 eam
648 2189 775 2242 causam,
797 2187 886 2247 quarn
908 2170 957 2228 diu
979 2169 1111 2246 potuerit,
1131 2179 1174 2230 ta·

174 2269 276 2327 cuisse.
285 2271 360 2326 ste.
376 2269 485 2328 Caesar
499 2270 554 2330 hac
569 2271 701 2330 oratione
715 2269 793 2328 Lisci
806 2269 1029 2352 Dumnorigem,
1039 2267 1180 2329 Divitiaci-

174 2365 298 2436 fratrem,
315 2365 459 2438 designari
478 2368 628 2437 sentiebat,
644 2367 705 2437 sed,
727 2366 807 2442 quod
826 2367 954 2446 pluribus
973 2367 1174 2440 praesentibus

175 2482 225 2522 eas
246 2481 293 2522 res
310 2459 556 2546 iactari'nolebat,
575 2464 706 2524 'celeriter
729 2447 1035 2547 conciliumnrllmittit,
1054 2463 1174 2522 Liscum

98 2587 111 2620 a
165 2563 286 2636 retinet.
328 2562 449 2634 Quaerit
485 2581 522 2622 ex
555 2564 620 2623 solo
645 2581 688 2632 ea,
717 2578 791 2639 quae
822 2563 852 2622 in
876 2572 1023 2622 conventu
1055 2563 1173 2622 dixerat.

133 2694 162 2745 25
175 2663 254 2721 Dicit
288 2662 404 2721 liberius
439 2672 526 2738 atque
559 2661 706 2722 audacius.
749 2661 862 2724 Eadem
882 2673 1009 2722 'secreto
1043 2662 1080 2720 ab
1113 2661 1174 2720 aliis

177 2762 304 2837 quaerit3
339 2761 465 2838 repperit
504 2780 568 2846 esse
598 2778 682 2820 vera:
717 2760 819 2838 Ipsum
850 2779 915 2850 esse
951 2761 1173 2836 Dumuorigem,

177 2877 292 2917 summa
314 2859 443 2932 audacia,
464 2877 573 2936 magna
593 2863 672 2938 apud
693 2862 809 2941 plebem
834 2869 953 2940 propter
976 2858 1175 2918 liberalitatem

145 3033 149 3040 Ι
177 2956 275 3035 gratia,
304 2943 442 3032 cupidum
470 2971 571 3018 rerum¹
593 2977 742 3020 novarum.
789 2958 956 3035 Compluris
983 2975 1077 3030 annos
1105 2975 1175 3033 por-

177 3056 250 3114 toria
270 3054 436 3130 reliquaque
464 3059 563 3116 omnia
590 3057 761 3118 Aeduorum
787 3051 938 3134 vectigalia
963 3045 1053 3132 parvb
1080 3057 1175 3140 pregio

132 3155 327 3231 30redeprpta
348 3153 463 3225 habere,
487 3165 642 3232 propterea
662 3157 742 3234 quod
762 3157 811 3222 illo
838 3156 941 3214 licente
969 3164 1070 3212 contra
1096 3154 1176 3214 liceri

177 3253 282 3350 auocat
305 3269 402 3311 nemo
436 3251 501 3330 His
523 3255 609 3314 rebus
632 3265 660 3314 et
681 3271 764 3314 suam
788 3231 850 3312 reni
867 3254 1038 3314 familiarem
1058 3253 1197 3328 aux‘qse.

175 3359 206 3407 et
227 3349 392 3408 facultates
397 3351 435 3408 ad
444 3333 638 3428 largiendum
660 3371 783 3429 magnas
808 3369 1010 3428 comparasse3
1033 3367 1197 3428 magnum*

177 3465 328 3508 numerum
356 3451 497 3528 equitatus
526 3469 579 3512 suo
609 3462 726 3582 sumptu
753 3470 868 3530 semper
895 3452 970 3512 alere
1003 3461 1032 3512 et
1064 3453 1175 3512 circum
1238 3459 1239 3466 ’
