<?xml version="1.0" encoding="UTF-8"?>
<!DOCTYPE html PUBLIC "-//W3C//DTD XHTML 1.0 Transitional//EN"
    "http://www.w3.org/TR/xhtml1/DTD/xhtml1-transitional.dtd">
<html xmlns="http://www.w3.org/1999/xhtml" xml:lang="en" lang="en">
 <head>
  <title>
</title>
<meta http-equiv="Content-Type" content="text/html;charset=utf-8" />
  <meta name='ocr-system' content='tesseract 3.04.00' />
  <meta name='ocr-capabilities' content='ocr_page ocr_carea ocr_par ocr_line ocrx_word'/>
</head>
<body>
  <div class='ocr_page' id='page_1' title='image "./commentariescju00hirtgoog_0050.png"; bbox 0 0 2630 3916; ppageno 0'>
   <div class='ocr_carea' id='block_1_1' title="bbox 116 189 1111 276">
    <p class='ocr_par' dir='ltr' id='par_1_1' title="bbox 116 189 1111 276">
     <span class='ocr_line' id='line_1_1' title="bbox 116 189 1111 276; baseline 0 -22"><span class='ocrx_word' id='word_1_1' title='bbox 116 189 267 272; x_wconf 62' lang='lat' dir='ltr'><strong>41-4aq</strong></span> <span class='ocrx_word' id='word_1_2' title='bbox 372 207 418 254; x_wconf 81' lang='lat' dir='ltr'><strong>nn</strong></span> <span class='ocrx_word' id='word_1_3' title='bbox 440 199 724 257; x_wconf 73' lang='lat' dir='ltr'><strong>sentosarum</strong></span> <span class='ocrx_word' id='word_1_4' title='bbox 747 206 856 257; x_wconf 78' lang='lat' dir='ltr'><strong>coum</strong></span> <span class='ocrx_word' id='word_1_5' title='bbox 879 207 902 256; x_wconf 87' lang='lat' dir='ltr'><strong>r.</strong></span> <span class='ocrx_word' id='word_1_6' title='bbox 1070 206 1111 276; x_wconf 84' lang='lat'><strong>25</strong></span> 
     </span>
    </p>
   </div>
   <div class='ocr_carea' id='block_1_2' title="bbox 13 346 1306 3582">
    <p class='ocr_par' dir='ltr' id='par_1_2' title="bbox 13 346 1306 3582">
     <span class='ocr_line' id='line_1_2' title="bbox 114 346 1109 435; baseline 0.001 -22"><span class='ocrx_word' id='word_1_7' title='bbox 114 346 240 414; x_wconf 88' lang='lat' dir='ltr'><strong>militum</strong></span> <span class='ocrx_word' id='word_1_8' title='bbox 254 355 289 413; x_wconf 87' lang='lat' dir='ltr'><strong>ei&#39;</strong></span> <span class='ocrx_word' id='word_1_9' title='bbox 294 356 400 432; x_wconf 82' lang='lat' dir='ltr'><strong>gratias</strong></span> <span class='ocrx_word' id='word_1_10' title='bbox 415 358 482 433; x_wconf 87' lang='lat' dir='ltr'><strong>egit,</strong></span> <span class='ocrx_word' id='word_1_11' title='bbox 494 357 574 435; x_wconf 94' lang='lat' dir='ltr'><strong>quod</strong></span> <span class='ocrx_word' id='word_1_12' title='bbox 589 351 670 418; x_wconf 78' lang='lat' dir='ltr'><strong>de&#39;se</strong></span> <span class='ocrx_word' id='word_1_13' title='bbox 681 359 824 434; x_wconf 90' lang='lat' dir='ltr'><strong>optimum</strong></span> <span class='ocrx_word' id='word_1_14' title='bbox 838 356 977 417; x_wconf 87' lang='lat' dir='ltr'><strong>iudicium</strong></span> <span class='ocrx_word' id='word_1_15' title='bbox 987 355 1109 430; x_wconf 84' lang='lat' dir='ltr'><strong>fecisset,</strong></span> 
     </span>
     <span class='ocr_line' id='line_1_3' title="bbox 114 421 1158 564; baseline -0.002 -50"><span class='ocrx_word' id='word_1_16' title='bbox 114 472 205 532; x_wconf 90' lang='lat' dir='ltr'><strong>seque</strong></span> <span class='ocrx_word' id='word_1_17' title='bbox 231 453 294 514; x_wconf 81' lang='lat' dir='ltr'><strong>esse</strong></span> <span class='ocrx_word' id='word_1_18' title='bbox 322 455 360 514; x_wconf 89' lang='lat' dir='ltr'><strong>ad</strong></span> <span class='ocrx_word' id='word_1_19' title='bbox 380 457 489 515; x_wconf 89' lang='lat' dir='ltr'><strong>bellurn</strong></span> <span class='ocrx_word' id='word_1_20' title='bbox 508 457 668 534; x_wconf 86' lang='lat' dir='ltr'><strong>gerendum</strong></span> <span class='ocrx_word' id='word_1_21' title='bbox 689 457 901 534; x_wconf 83' lang='lat' dir='ltr'>paratissimam</span> <span class='ocrx_word' id='word_1_22' title='bbox 922 421 1158 564; x_wconf 48' lang='lat' dir='ltr'><strong>confirmatus</strong></span> 
     </span>
     <span class='ocr_line' id='line_1_4' title="bbox 111 549 1160 633; baseline 0 -22"><span class='ocrx_word' id='word_1_23' title='bbox 111 552 230 613; x_wconf 60' lang='lat' dir='ltr'><strong>‘Deinde</strong></span> <span class='ocrx_word' id='word_1_24' title='bbox 247 555 372 632; x_wconf 89' lang='lat' dir='ltr'><strong>reliquae</strong></span> <span class='ocrx_word' id='word_1_25' title='bbox 389 556 603 633; x_wconf 67' lang='lat' dir='ltr'><strong>legionestcum</strong></span> <span class='ocrx_word' id='word_1_26' title='bbox 618 556 738 615; x_wconf 90' lang='lat' dir='ltr'><strong>tribunis</strong></span> <span class='ocrx_word' id='word_1_27' title='bbox 759 555 881 613; x_wconf 86' lang='lat' dir='ltr'><strong>militurn</strong></span> <span class='ocrx_word' id='word_1_28' title='bbox 902 564 930 612; x_wconf 96' lang='lat' dir='ltr'><strong>et</strong></span> <span class='ocrx_word' id='word_1_29' title='bbox 951 555 1110 630; x_wconf 88' lang='lat' dir='ltr'><strong>primorum</strong></span> <span class='ocrx_word' id='word_1_30' title='bbox 1158 549 1160 555; x_wconf 37' lang='lat'>⁸</span> 
     </span>
     <span class='ocr_line' id='line_1_5' title="bbox 115 623 1121 748; baseline 0 -36"><span class='ocrx_word' id='word_1_31' title='bbox 115 653 253 712; x_wconf 89' lang='lat' dir='ltr'>ordinum</span> <span class='ocrx_word' id='word_1_32' title='bbox 272 655 486 714; x_wconf 85' lang='lat' dir='ltr'><strong>centurionibus</strong></span> <span class='ocrx_word' id='word_1_33' title='bbox 505 634 633 731; x_wconf 55' lang='lat' dir='ltr'><strong>‘effluit</strong></span> <span class='ocrx_word' id='word_1_34' title='bbox 647 653 689 712; x_wconf 92' lang='lat' dir='ltr'><strong>uti</strong></span> <span class='ocrx_word' id='word_1_35' title='bbox 707 653 825 712; x_wconf 83' lang='lat' dir='ltr'><strong>Caesari</strong></span> <span class='ocrx_word' id='word_1_36' title='bbox 844 623 1121 748; x_wconf 52' lang='lat' dir='ltr'><strong>satisfacerentisq„</strong></span> 
     </span>
     <span class='ocr_line' id='line_1_6' title="bbox 114 715 1137 830; baseline 0 -21"><span class='ocrx_word' id='word_1_37' title='bbox 114 743 212 828; x_wconf 82' lang='lat' dir='ltr'><strong>neque</strong></span> <span class='ocrx_word' id='word_1_38' title='bbox 233 770 372 830; x_wconf 89' lang='lat' dir='ltr'><strong>umquam</strong></span> <span class='ocrx_word' id='word_1_39' title='bbox 393 754 538 813; x_wconf 80' lang='lat' dir='ltr'><strong>dubitasse</strong></span> <span class='ocrx_word' id='word_1_40' title='bbox 558 770 652 828; x_wconf 92' lang='lat' dir='ltr'><strong>neque</strong></span> <span class='ocrx_word' id='word_1_41' title='bbox 673 751 803 810; x_wconf 87' lang='lat' dir='ltr'><strong>timuisse</strong></span> <span class='ocrx_word' id='word_1_42' title='bbox 824 757 927 828; x_wconf 89' lang='lat' dir='ltr'><strong>neque</strong></span> <span class='ocrx_word' id='word_1_43' title='bbox 940 751 976 809; x_wconf 95' lang='lat' dir='ltr'><strong>de</strong></span> <span class='ocrx_word' id='word_1_44' title='bbox 996 715 1137 816; x_wconf 58' lang='lat' dir='ltr'><strong>sffillras</strong></span> 
     </span>
     <span class='ocr_line' id='line_1_7' title="bbox 114 849 1129 927; baseline 0 -19"><span class='ocrx_word' id='word_1_45' title='bbox 114 849 184 908; x_wconf 94' lang='lat' dir='ltr'><strong>belli</strong></span> <span class='ocrx_word' id='word_1_46' title='bbox 211 868 297 908; x_wconf 90' lang='lat' dir='ltr'><strong>suum</strong></span> <span class='ocrx_word' id='word_1_47' title='bbox 324 851 470 923; x_wconf 92' lang='lat' dir='ltr'><strong>iudicium,</strong></span> <span class='ocrx_word' id='word_1_48' title='bbox 501 850 553 910; x_wconf 91' lang='lat' dir='ltr'><strong>sed</strong></span> <span class='ocrx_word' id='word_1_49' title='bbox 580 850 760 927; x_wconf 89' lang='lat' dir='ltr'><strong>imperatoris</strong></span> <span class='ocrx_word' id='word_1_50' title='bbox 795 867 859 908; x_wconf 91' lang='lat' dir='ltr'><strong>esse</strong></span> <span class='ocrx_word' id='word_1_51' title='bbox 894 849 1129 914; x_wconf 71' lang='lat' dir='ltr'><strong>existimavisse.0</strong></span> 
     </span>
     <span class='ocr_line' id='line_1_8' title="bbox 113 946 1110 1024; baseline 0.001 -17"><span class='ocrx_word' id='word_1_52' title='bbox 113 947 227 1007; x_wconf 90' lang='lat' dir='ltr'><strong>Eorum</strong></span> <span class='ocrx_word' id='word_1_53' title='bbox 246 948 441 1009; x_wconf 86' lang='lat' dir='ltr'><strong>satisfactione</strong></span> <span class='ocrx_word' id='word_1_54' title='bbox 459 957 577 1024; x_wconf 91' lang='lat' dir='ltr'><strong>accepta</strong></span> <span class='ocrx_word' id='word_1_55' title='bbox 596 957 625 1006; x_wconf 93' lang='lat' dir='ltr'><strong>et</strong></span> <span class='ocrx_word' id='word_1_56' title='bbox 642 948 743 1006; x_wconf 91' lang='lat' dir='ltr'><strong>itinere</strong></span> <span class='ocrx_word' id='word_1_57' title='bbox 760 948 903 1024; x_wconf 83' lang='lat' dir='ltr'><strong>exquisito</strong></span> <span class='ocrx_word' id='word_1_58' title='bbox 922 965 973 1024; x_wconf 88' lang='lat' dir='ltr'><strong>per</strong></span> <span class='ocrx_word' id='word_1_59' title='bbox 991 946 1110 1008; x_wconf 86' lang='lat' dir='ltr'><strong>Divitia-</strong></span> 
     </span>
     <span class='ocr_line' id='line_1_9' title="bbox 115 1045 1110 1136; baseline -0.001 -32"><span class='ocrx_word' id='word_1_60' title='bbox 115 1063 191 1117; x_wconf 87' lang='lat' dir='ltr'><strong>cum,</strong></span> <span class='ocrx_word' id='word_1_61' title='bbox 213 1046 294 1123; x_wconf 90' lang='lat' dir='ltr'><strong>quod</strong></span> <span class='ocrx_word' id='word_1_62' title='bbox 316 1065 352 1105; x_wconf 86' lang='lat' dir='ltr'><strong>ex</strong></span> <span class='ocrx_word' id='word_1_63' title='bbox 373 1047 434 1106; x_wconf 91' lang='lat' dir='ltr'><strong>aliis</strong></span> <span class='ocrx_word' id='word_1_64' title='bbox 456 1047 484 1130; x_wconf 18' lang='lat' dir='ltr'><strong>ei·</strong></span> <span class='ocrx_word' id='word_1_65' title='bbox 501 1046 769 1136; x_wconf 43' lang='lat' dir='ltr'><strong>mlllfflmefidem</strong></span> <span class='ocrx_word' id='word_1_66' title='bbox 789 1045 809 1103; x_wconf 94' lang='lat' dir='ltr'>h</span> <span class='ocrx_word' id='word_1_67' title='bbox 827 1047 924 1117; x_wconf 89' lang='lat' dir='ltr'><strong>bebat,</strong></span> <span class='ocrx_word' id='word_1_68' title='bbox 948 1055 980 1104; x_wconf 93' lang='lat' dir='ltr'><strong>ut</strong></span> <span class='ocrx_word' id='word_1_69' title='bbox 1000 1045 1110 1103; x_wconf 87' lang='lat' dir='ltr'><strong>milium</strong></span> 
     </span>
     <span class='ocr_line' id='line_1_10' title="bbox 107 1063 1118 1228; baseline -0.001 -26"><span class='ocrx_word' id='word_1_70' title='bbox 107 1144 239 1220; x_wconf 77' lang='lat' dir='ltr'><strong>&#39;amplius</strong></span> <span class='ocrx_word' id='word_1_71' title='bbox 254 1118 679 1226; x_wconf 33' lang='lat' dir='ltr'><strong>quinquaginlftsscircuituilocis</strong></span> <span class='ocrx_word' id='word_1_72' title='bbox 693 1063 969 1228; x_wconf 47' lang='lat' dir='ltr'><strong>apertisssxercitum</strong></span> <span class='ocrx_word' id='word_1_73' title='bbox 983 1113 1118 1215; x_wconf 53' lang='lat' dir='ltr'><strong>ducmetf</strong></span> 
     </span>
     <span class='ocr_line' id='line_1_11' title="bbox 115 1241 1154 1320; baseline 0 -18"><span class='ocrx_word' id='word_1_74' title='bbox 115 1243 152 1303; x_wconf 92' lang='lat' dir='ltr'><strong>de</strong></span> <span class='ocrx_word' id='word_1_75' title='bbox 167 1253 269 1318; x_wconf 88' lang='lat' dir='ltr'><strong>quarta</strong></span> <span class='ocrx_word' id='word_1_76' title='bbox 282 1244 385 1320; x_wconf 84' lang='lat' dir='ltr'><strong>vigilia,</strong></span> <span class='ocrx_word' id='word_1_77' title='bbox 400 1253 431 1302; x_wconf 94' lang='lat' dir='ltr'><strong>ut</strong></span> <span class='ocrx_word' id='word_1_78' title='bbox 445 1244 562 1315; x_wconf 83' lang='lat' dir='ltr'><strong>dixerat,</strong></span> <span class='ocrx_word' id='word_1_79' title='bbox 573 1243 719 1320; x_wconf 83' lang='lat' dir='ltr'><strong>profectus</strong></span> <span class='ocrx_word' id='word_1_80' title='bbox 733 1252 784 1302; x_wconf 87' lang='lat' dir='ltr'><strong>est.</strong></span> <span class='ocrx_word' id='word_1_81' title='bbox 829 1241 959 1319; x_wconf 85' lang='lat' dir='ltr'><strong>Septimo</strong></span> <span class='ocrx_word' id='word_1_82' title='bbox 974 1243 1029 1316; x_wconf 90' lang='lat' dir='ltr'><strong>die,</strong></span> <span class='ocrx_word' id='word_1_83' title='bbox 1041 1259 1109 1302; x_wconf 89' lang='lat' dir='ltr'><strong>cum</strong></span> <span class='ocrx_word' id='word_1_84' title='bbox 1124 1257 1154 1292; x_wconf 89' lang='lat'><strong>10</strong></span> 
     </span>
     <span class='ocr_line' id='line_1_12' title="bbox 98 1305 1109 1418; baseline 0 -20"><span class='ocrx_word' id='word_1_85' title='bbox 98 1331 168 1399; x_wconf 83' lang='lat' dir='ltr'><strong>‘iter</strong></span> <span class='ocrx_word' id='word_1_86' title='bbox 178 1358 240 1400; x_wconf 93' lang='lat' dir='ltr'><strong>non</strong></span> <span class='ocrx_word' id='word_1_87' title='bbox 250 1305 468 1408; x_wconf 50' lang='lat' dir='ltr'><strong>intermitteretl&#39;</strong></span> <span class='ocrx_word' id='word_1_88' title='bbox 469 1343 505 1402; x_wconf 86' lang='lat' dir='ltr'><strong>ab</strong></span> <span class='ocrx_word' id='word_1_89' title='bbox 516 1342 744 1418; x_wconf 84' lang='lat' dir='ltr'><strong>exploratoribus</strong></span> <span class='ocrx_word' id='word_1_90' title='bbox 755 1342 858 1400; x_wconf 89' lang='lat' dir='ltr'><strong>certior</strong></span> <span class='ocrx_word' id='word_1_91' title='bbox 872 1341 965 1400; x_wconf 85' lang='lat' dir='ltr'><strong>factus</strong></span> <span class='ocrx_word' id='word_1_92' title='bbox 979 1352 1030 1414; x_wconf 91' lang='lat' dir='ltr'><strong>est,</strong></span> <span class='ocrx_word' id='word_1_93' title='bbox 1044 1341 1109 1398; x_wconf 89' lang='lat' dir='ltr'><strong>Ari-</strong></span> 
     </span>
     <span class='ocr_line' id='line_1_13' title="bbox 114 1440 1175 1528; baseline -0.001 -28"><span class='ocrx_word' id='word_1_94' title='bbox 114 1441 201 1500; x_wconf 87' lang='lat' dir='ltr'><strong>ovisti</strong></span> <span class='ocrx_word' id='word_1_95' title='bbox 214 1443 313 1518; x_wconf 92' lang='lat' dir='ltr'><strong>copias</strong></span> <span class='ocrx_word' id='word_1_96' title='bbox 327 1460 345 1500; x_wconf 97' lang='lat' dir='ltr'><strong>a</strong></span> <span class='ocrx_word' id='word_1_97' title='bbox 358 1443 464 1502; x_wconf 88' lang='lat' dir='ltr'><strong>nostris</strong></span> <span class='ocrx_word' id='word_1_98' title='bbox 477 1443 591 1502; x_wconf 89' lang='lat' dir='ltr'><strong>milibus</strong></span> <span class='ocrx_word' id='word_1_99' title='bbox 606 1459 745 1518; x_wconf 86' lang='lat' dir='ltr'><strong>passuum</strong></span> <span class='ocrx_word' id='word_1_100' title='bbox 756 1451 891 1528; x_wconf 83' lang='lat' dir='ltr'><strong>quattupr</strong></span> <span class='ocrx_word' id='word_1_101' title='bbox 901 1452 930 1500; x_wconf 93' lang='lat' dir='ltr'><strong>et</strong></span> <span class='ocrx_word' id='word_1_102' title='bbox 944 1461 983 1500; x_wconf 84' lang='lat' dir='ltr'><strong>xx</strong></span> <span class='ocrx_word' id='word_1_103' title='bbox 998 1440 1108 1500; x_wconf 90' lang='lat' dir='ltr'><strong>abesse.</strong></span> <span class='ocrx_word' id='word_1_104' title='bbox 1120 1503 1140 1526; x_wconf 33' lang='lat' dir='ltr'>d</span> <span class='ocrx_word' id='word_1_105' title='bbox 1162 1461 1175 1484; x_wconf 41' lang='lat'><strong>1·</strong></span> 
     </span>
     <span class='ocr_line' id='line_1_14' title="bbox 72 1539 1109 1648; baseline -0.002 -49"><span class='ocrx_word' id='word_1_106' title='bbox 72 1615 76 1624; x_wconf 20' lang='grc' dir='ltr'><strong><em>ι</em></strong></span> <span class='ocrx_word' id='word_1_107' title='bbox 108 1549 111 1558; x_wconf 83' lang='grc'><em>’</em></span> <span class='ocrx_word' id='word_1_108' title='bbox 155 1545 207 1600; x_wconf 79' lang='lat'><strong>42.</strong></span> <span class='ocrx_word' id='word_1_109' title='bbox 230 1539 358 1648; x_wconf 51' lang='lat' dir='ltr'><strong>Cognito</strong></span> <span class='ocrx_word' id='word_1_110' title='bbox 377 1540 510 1599; x_wconf 88' lang='lat' dir='ltr'><strong>Caesaris</strong></span> <span class='ocrx_word' id='word_1_111' title='bbox 529 1541 655 1599; x_wconf 89' lang='lat' dir='ltr'><strong>adventu</strong></span> <span class='ocrx_word' id='word_1_112' title='bbox 674 1540 836 1599; x_wconf 88' lang='lat' dir='ltr'><strong>Ariovistus</strong></span> <span class='ocrx_word' id='word_1_113' title='bbox 854 1540 965 1616; x_wconf 83' lang='lat' dir='ltr'><strong>legatos</strong></span> <span class='ocrx_word' id='word_1_114' title='bbox 986 1539 1025 1598; x_wconf 93' lang='lat' dir='ltr'><strong>ad</strong></span> <span class='ocrx_word' id='word_1_115' title='bbox 1041 1557 1109 1598; x_wconf 91' lang='lat' dir='ltr'><strong>eum</strong></span> 
     </span>
     <span class='ocr_line' id='line_1_15' title="bbox 113 1606 1108 1722; baseline 0 -26"><span class='ocrx_word' id='word_1_116' title='bbox 113 1636 217 1722; x_wconf 84' lang='lat' dir='ltr'><strong>mittit:</strong></span> <span class='ocrx_word' id='word_1_117' title='bbox 231 1606 323 1714; x_wconf 57' lang='lat' dir='ltr'><strong>&#39;liuild</strong></span> <span class='ocrx_word' id='word_1_118' title='bbox 341 1647 426 1696; x_wconf 88' lang='lat' dir='ltr'><strong>antea</strong></span> <span class='ocrx_word' id='word_1_119' title='bbox 446 1637 483 1696; x_wconf 90' lang='lat' dir='ltr'><strong>de</strong></span> <span class='ocrx_word' id='word_1_120' title='bbox 504 1637 649 1714; x_wconf 92' lang='lat' dir='ltr'><strong>colloquio</strong></span> <span class='ocrx_word' id='word_1_121' title='bbox 669 1637 903 1714; x_wconf 65' lang='lat' dir='ltr'><strong>postulasset,„id</strong></span> <span class='ocrx_word' id='word_1_122' title='bbox 923 1657 975 1714; x_wconf 90' lang='lat' dir='ltr'><strong>per</strong></span> <span class='ocrx_word' id='word_1_123' title='bbox 996 1656 1026 1696; x_wconf 94' lang='lat' dir='ltr'><strong>se</strong></span> <span class='ocrx_word' id='word_1_124' title='bbox 1047 1624 1108 1696; x_wconf 75' lang='lat' dir='ltr'><strong>ficii</strong></span> 
     </span>
     <span class='ocr_line' id='line_1_16' title="bbox 112 1734 1152 1893; baseline 0 -101"><span class='ocrx_word' id='word_1_125' title='bbox 112 1734 208 1807; x_wconf 91' lang='lat' dir='ltr'><strong>licere,</strong></span> <span class='ocrx_word' id='word_1_126' title='bbox 230 1737 370 1811; x_wconf 87' lang='lat' dir='ltr'><strong>quoniam</strong></span> <span class='ocrx_word' id='word_1_127' title='bbox 397 1737 516 1813; x_wconf 90' lang='lat' dir='ltr'><strong>propius</strong></span> <span class='ocrx_word' id='word_1_128' title='bbox 538 1737 715 1808; x_wconf 86' lang='lat' dir='ltr'><strong>accessisset,</strong></span> <span class='ocrx_word' id='word_1_129' title='bbox 738 1736 877 1893; x_wconf 48' lang='lat' dir='ltr'><strong>sequef</strong></span> <span class='ocrx_word' id='word_1_130' title='bbox 898 1737 960 1794; x_wconf 93' lang='lat' dir='ltr'><strong>sine</strong></span> <span class='ocrx_word' id='word_1_131' title='bbox 981 1736 1107 1812; x_wconf 91' lang='lat' dir='ltr'><strong>periculo</strong></span> <span class='ocrx_word' id='word_1_132' title='bbox 1124 1757 1152 1806; x_wconf 87' lang='lat'><strong>15</strong></span> 
     </span>
     <span class='ocr_line' id='line_1_17' title="bbox 113 1833 1168 1912; baseline 0 -19"><span class='ocrx_word' id='word_1_133' title='bbox 113 1835 208 1894; x_wconf 85' lang='lat' dir='ltr'><strong>iacere</strong></span> <span class='ocrx_word' id='word_1_134' title='bbox 229 1853 316 1911; x_wconf 92' lang='lat' dir='ltr'><strong>posse</strong></span> <span class='ocrx_word' id='word_1_135' title='bbox 337 1835 508 1894; x_wconf 86' lang='lat' dir='ltr'><strong>existimare.</strong></span> <span class='ocrx_word' id='word_1_136' title='bbox 551 1835 622 1895; x_wconf 87' lang='lat' dir='ltr'><strong>Non</strong></span> <span class='ocrx_word' id='word_1_137' title='bbox 641 1836 750 1912; x_wconf 89' lang='lat' dir='ltr'><strong>respuit</strong></span> <span class='ocrx_word' id='word_1_138' title='bbox 770 1853 827 1894; x_wconf 92' lang='lat' dir='ltr'><strong>con</strong></span> <span class='ocrx_word' id='word_1_139' title='bbox 858 1835 973 1894; x_wconf 89' lang='lat' dir='ltr'><strong>cionem</strong></span> <span class='ocrx_word' id='word_1_140' title='bbox 1001 1834 1108 1894; x_wconf 88' lang='lat' dir='ltr'><strong>Caesar</strong></span> <span class='ocrx_word' id='word_1_141' title='bbox 1165 1833 1168 1840; x_wconf 86' lang='lat'>&#39;</span> 
     </span>
     <span class='ocr_line' id='line_1_18' title="bbox 112 1908 1123 2020; baseline -0.002 -28"><span class='ocrx_word' id='word_1_142' title='bbox 112 1919 230 2010; x_wconf 86' lang='lat' dir='ltr'><strong>iamque</strong></span> <span class='ocrx_word' id='word_1_143' title='bbox 249 1951 316 1992; x_wconf 87' lang='lat' dir='ltr'><strong>eum</strong></span> <span class='ocrx_word' id='word_1_144' title='bbox 335 1933 373 1992; x_wconf 91' lang='lat' dir='ltr'><strong>ad</strong></span> <span class='ocrx_word' id='word_1_145' title='bbox 393 1935 544 1993; x_wconf 88' lang='lat' dir='ltr'><strong>sanitatem</strong></span> <span class='ocrx_word' id='word_1_146' title='bbox 557 1934 659 2018; x_wconf 80' lang='lat' dir='ltr'><strong>reverti</strong></span> <span class='ocrx_word' id='word_1_147' title='bbox 677 1934 873 2020; x_wconf 79' lang='lat' dir='ltr'><strong>arbitrabatur,</strong></span> <span class='ocrx_word' id='word_1_148' title='bbox 889 1951 956 1992; x_wconf 89' lang='lat' dir='ltr'><strong>cum</strong></span> <span class='ocrx_word' id='word_1_149' title='bbox 975 1933 1012 2004; x_wconf 91' lang='lat' dir='ltr'><strong>id,</strong></span> <span class='ocrx_word' id='word_1_150' title='bbox 1028 1908 1123 2008; x_wconf 68' lang='lat' dir='ltr'><strong>quodl</strong></span> 
     </span>
     <span class='ocr_line' id='line_1_19' title="bbox 113 2011 1107 2109; baseline -0.002 -19"><span class='ocrx_word' id='word_1_151' title='bbox 113 2042 200 2090; x_wconf 89' lang='lat' dir='ltr'><strong>antea</strong></span> <span class='ocrx_word' id='word_1_152' title='bbox 219 2032 328 2108; x_wconf 90' lang='lat' dir='ltr'><strong>petenti</strong></span> <span class='ocrx_word' id='word_1_153' title='bbox 350 2033 530 2109; x_wconf 85' lang='lat' dir='ltr'><strong>denegasset,</strong></span> <span class='ocrx_word' id='word_1_154' title='bbox 551 2011 834 2107; x_wconf 45' lang='lat' dir='ltr'><strong>lrl&#39;trb&#39;polli&#39;c&#39;e&#39;retur,</strong></span> <span class='ocrx_word' id='word_1_155' title='bbox 856 2031 1052 2106; x_wconf 85' lang='lat' dir='ltr'><strong>magnamque</strong></span> <span class='ocrx_word' id='word_1_156' title='bbox 1076 2031 1107 2088; x_wconf 92' lang='lat' dir='ltr'><strong>in</strong></span> 
     </span>
     <span class='ocr_line' id='line_1_20' title="bbox 113 2127 1106 2206; baseline -0.004 -18"><span class='ocrx_word' id='word_1_157' title='bbox 113 2148 197 2206; x_wconf 88' lang='lat' dir='ltr'><strong>spem</strong></span> <span class='ocrx_word' id='word_1_158' title='bbox 219 2129 359 2201; x_wconf 88' lang='lat' dir='ltr'><strong>veniebat,</strong></span> <span class='ocrx_word' id='word_1_159' title='bbox 382 2149 436 2206; x_wconf 93' lang='lat' dir='ltr'><strong>pro</strong></span> <span class='ocrx_word' id='word_1_160' title='bbox 460 2131 519 2190; x_wconf 92' lang='lat' dir='ltr'><strong>suis</strong></span> <span class='ocrx_word' id='word_1_161' title='bbox 541 2130 627 2188; x_wconf 89' lang='lat' dir='ltr'><strong>tantis</strong></span> <span class='ocrx_word' id='word_1_162' title='bbox 651 2129 809 2205; x_wconf 90' lang='lat' dir='ltr'><strong>populique</strong></span> <span class='ocrx_word' id='word_1_163' title='bbox 832 2127 960 2185; x_wconf 90' lang='lat' dir='ltr'><strong>Romani</strong></span> <span class='ocrx_word' id='word_1_164' title='bbox 981 2128 1012 2185; x_wconf 91' lang='lat' dir='ltr'><strong>in</strong></span> <span class='ocrx_word' id='word_1_165' title='bbox 1039 2141 1106 2184; x_wconf 90' lang='lat' dir='ltr'><strong>eum</strong></span> 
     </span>
     <span class='ocr_line' id='line_1_21' title="bbox 112 2202 1306 2320; baseline 0 -34"><span class='ocrx_word' id='word_1_166' title='bbox 112 2229 261 2288; x_wconf 87' lang='lat' dir='ltr'><strong>beneficiis</strong></span> <span class='ocrx_word' id='word_1_167' title='bbox 275 2230 398 2304; x_wconf 84' lang='lat' dir='ltr'><strong>cognitis</strong></span> <span class='ocrx_word' id='word_1_168' title='bbox 420 2231 480 2289; x_wconf 92' lang='lat' dir='ltr'><strong>suis</strong></span> <span class='ocrx_word' id='word_1_169' title='bbox 497 2207 743 2308; x_wconf 63' lang='lat' dir='ltr'><strong>postulatislbia³</strong></span> <span class='ocrx_word' id='word_1_170' title='bbox 756 2206 800 2286; x_wconf 67' lang='lat' dir='ltr'><strong>&#39;uti</strong></span> <span class='ocrx_word' id='word_1_171' title='bbox 814 2202 1107 2320; x_wconf 49' lang='lat' dir='ltr'><strong>[pertinaciajdesisu</strong></span> <span class='ocrx_word' id='word_1_172' title='bbox 1121 2259 1152 2294; x_wconf 65' lang='grc' dir='ltr'>ω</span> <span class='ocrx_word' id='word_1_173' title='bbox 1199 2293 1202 2302; x_wconf 56' lang='grc'><strong><em>,</em></strong></span> <span class='ocrx_word' id='word_1_174' title='bbox 1305 2279 1306 2286; x_wconf 72' lang='grc'>,</span> 
     </span>
     <span class='ocr_line' id='line_1_22' title="bbox 107 2299 1106 2404; baseline -0.004 -18"><span class='ocrx_word' id='word_1_175' title='bbox 107 2299 191 2387; x_wconf 72' lang='lat' dir='ltr'><strong>eret.2</strong></span> <span class='ocrx_word' id='word_1_176' title='bbox 222 2326 295 2386; x_wconf 89' lang='lat' dir='ltr'><strong>Dies</strong></span> <span class='ocrx_word' id='word_1_177' title='bbox 314 2328 458 2404; x_wconf 89' lang='lat' dir='ltr'><strong>colloquio</strong></span> <span class='ocrx_word' id='word_1_178' title='bbox 478 2328 571 2386; x_wconf 91' lang='lat' dir='ltr'><strong>dictus</strong></span> <span class='ocrx_word' id='word_1_179' title='bbox 588 2319 686 2384; x_wconf 84' lang='lat' dir='ltr'><strong>estex</strong></span> <span class='ocrx_word' id='word_1_180' title='bbox 705 2344 740 2385; x_wconf 86' lang='lat' dir='ltr'><strong>eo</strong></span> <span class='ocrx_word' id='word_1_181' title='bbox 760 2326 806 2384; x_wconf 91' lang='lat' dir='ltr'><strong>die</strong></span> <span class='ocrx_word' id='word_1_182' title='bbox 821 2321 944 2402; x_wconf 87' lang='lat' dir='ltr'><strong>quintus.</strong></span> <span class='ocrx_word' id='word_1_183' title='bbox 979 2315 1106 2384; x_wconf 58' lang='lat' dir='ltr'><strong>‘Interim</strong></span> 
     </span>
     <span class='ocr_line' id='line_1_23' title="bbox 111 2405 1105 2502; baseline -0.001 -17"><span class='ocrx_word' id='word_1_184' title='bbox 111 2443 201 2502; x_wconf 89' lang='lat' dir='ltr'><strong>saepe</strong></span> <span class='ocrx_word' id='word_1_185' title='bbox 214 2425 289 2484; x_wconf 91' lang='lat' dir='ltr'><strong>ultro</strong></span> <span class='ocrx_word' id='word_1_186' title='bbox 303 2426 431 2502; x_wconf 88' lang='lat' dir='ltr'><strong>citroque</strong></span> <span class='ocrx_word' id='word_1_187' title='bbox 445 2444 512 2484; x_wconf 89' lang='lat' dir='ltr'><strong>curn</strong></span> <span class='ocrx_word' id='word_1_188' title='bbox 526 2425 613 2501; x_wconf 84' lang='lat' dir='ltr'><strong>legati</strong></span> <span class='ocrx_word' id='word_1_189' title='bbox 625 2425 763 2484; x_wconf 90' lang='lat' dir='ltr'><strong>intereos</strong></span> <span class='ocrx_word' id='word_1_190' title='bbox 777 2405 969 2496; x_wconf 55' lang='lat' dir='ltr'><strong>mitterentur}</strong></span> <span class='ocrx_word' id='word_1_191' title='bbox 979 2424 1105 2485; x_wconf 86' lang='lat' dir='ltr'><strong>Ariovis-</strong></span> 
     </span>
     <span class='ocr_line' id='line_1_24' title="bbox 109 2520 1105 2632; baseline -0.001 -50"><span class='ocrx_word' id='word_1_192' title='bbox 109 2532 157 2582; x_wconf 88' lang='lat' dir='ltr'><strong>tus</strong></span> <span class='ocrx_word' id='word_1_193' title='bbox 173 2523 334 2632; x_wconf 73' lang='lat' dir='ltr'><strong>ppstulavit,</strong></span> <span class='ocrx_word' id='word_1_194' title='bbox 349 2541 387 2581; x_wconf 89' lang='lat' dir='ltr'><strong>ne</strong></span> <span class='ocrx_word' id='word_1_195' title='bbox 402 2541 489 2600; x_wconf 92' lang='lat' dir='ltr'><strong>quern</strong></span> <span class='ocrx_word' id='word_1_196' title='bbox 507 2523 634 2606; x_wconf 80' lang='lat' dir='ltr'><strong>peditem</strong></span> <span class='ocrx_word' id='word_1_197' title='bbox 646 2522 684 2581; x_wconf 92' lang='lat' dir='ltr'><strong>ad</strong></span> <span class='ocrx_word' id='word_1_198' title='bbox 698 2521 874 2598; x_wconf 91' lang='lat' dir='ltr'><strong>colloquium</strong></span> <span class='ocrx_word' id='word_1_199' title='bbox 893 2520 1001 2582; x_wconf 90' lang='lat' dir='ltr'><strong>Caesar</strong></span> <span class='ocrx_word' id='word_1_200' title='bbox 1015 2524 1105 2581; x_wconf 90' lang='lat' dir='ltr'><strong>addu-</strong></span> 
     </span>
     <span class='ocr_line' id='line_1_25' title="bbox 111 2619 1104 2704; baseline 0 -24"><span class='ocrx_word' id='word_1_201' title='bbox 111 2630 193 2702; x_wconf 78' lang='lat' dir='ltr'><strong>cenet</strong></span> <span class='ocrx_word' id='word_1_202' title='bbox 199 2621 324 2704; x_wconf 27' lang='lat' dir='ltr'><strong>:Hvereri</strong></span> <span class='ocrx_word' id='word_1_203' title='bbox 352 2639 391 2692; x_wconf 92' lang='lat' dir='ltr'><strong>se,</strong></span> <span class='ocrx_word' id='word_1_204' title='bbox 419 2639 457 2679; x_wconf 91' lang='lat' dir='ltr'><strong>ne</strong></span> <span class='ocrx_word' id='word_1_205' title='bbox 484 2639 535 2698; x_wconf 91' lang='lat' dir='ltr'><strong>per</strong></span> <span class='ocrx_word' id='word_1_206' title='bbox 562 2619 679 2680; x_wconf 89' lang='lat' dir='ltr'><strong>insidias</strong></span> <span class='ocrx_word' id='word_1_207' title='bbox 707 2621 745 2678; x_wconf 96' lang='lat' dir='ltr'><strong>ab</strong></span> <span class='ocrx_word' id='word_1_208' title='bbox 772 2639 808 2678; x_wconf 93' lang='lat' dir='ltr'><strong>eo</strong></span> <span class='ocrx_word' id='word_1_209' title='bbox 837 2621 1104 2680; x_wconf 85' lang='lat' dir='ltr'><strong>circumveniretur:</strong></span> 
     </span>
     <span class='ocr_line' id='line_1_26' title="bbox 109 2673 1149 2799; baseline -0.001 -21"><span class='ocrx_word' id='word_1_210' title='bbox 109 2704 234 2796; x_wconf 58' lang='lat' dir='ltr'><strong>ut&#39;er&#39;qu&#39;e</strong></span> <span class='ocrx_word' id='word_1_211' title='bbox 262 2738 329 2778; x_wconf 91' lang='lat' dir='ltr'><strong>cum</strong></span> <span class='ocrx_word' id='word_1_212' title='bbox 356 2719 483 2796; x_wconf 89' lang='lat' dir='ltr'><strong>equitatu</strong></span> <span class='ocrx_word' id='word_1_213' title='bbox 506 2719 615 2778; x_wconf 92' lang='lat' dir='ltr'><strong>veniret</strong></span> <span class='ocrx_word' id='word_1_214' title='bbox 622 2738 630 2791; x_wconf 91' lang='lat'>;</span> <span class='ocrx_word' id='word_1_215' title='bbox 654 2673 714 2799; x_wconf 46' lang='lat' dir='ltr'><strong>fila</strong></span> <span class='ocrx_word' id='word_1_216' title='bbox 734 2718 929 2798; x_wconf 81' lang='lat' dir='ltr'><strong>rationese&#39;se</strong></span> <span class='ocrx_word' id='word_1_217' title='bbox 957 2736 1056 2792; x_wconf 85' lang='lat' dir='ltr'><strong>none</strong></span> <span class='ocrx_word' id='word_1_218' title='bbox 1064 2738 1105 2796; x_wconf 72' lang='lat' dir='ltr'><strong>se</strong></span> <span class='ocrx_word' id='word_1_219' title='bbox 1120 2741 1149 2796; x_wconf 66' lang='lat'><strong>²,5</strong></span> 
     </span>
     <span class='ocr_line' id='line_1_27' title="bbox 53 2790 1164 2908; baseline 0.001 -32"><span class='ocrx_word' id='word_1_220' title='bbox 53 2869 66 2900; x_wconf 55' lang='lat' dir='ltr'><strong>a</strong></span> <span class='ocrx_word' id='word_1_221' title='bbox 109 2805 286 2908; x_wconf 77' lang='lat' dir='ltr'><strong>venturqm.)</strong></span> <span class='ocrx_word' id='word_1_222' title='bbox 315 2816 431 2888; x_wconf 91' lang='lat' dir='ltr'><strong>Caesar,</strong></span> <span class='ocrx_word' id='word_1_223' title='bbox 446 2817 526 2894; x_wconf 91' lang='lat' dir='ltr'><strong>quod</strong></span> <span class='ocrx_word' id='word_1_224' title='bbox 539 2835 634 2892; x_wconf 89' lang='lat' dir='ltr'><strong>neque</strong></span> <span class='ocrx_word' id='word_1_225' title='bbox 649 2790 1008 2892; x_wconf 51' lang='lat' dir='ltr'><strong>colloquiumiinteipbsit?</strong></span> <span class='ocrx_word' id='word_1_226' title='bbox 1018 2790 1164 2898; x_wconf 48' lang='lat' dir='ltr'><strong>blasii*</strong></span> 
     </span>
     <span class='ocr_line' id='line_1_28' title="bbox 59 2885 1104 2991; baseline -0.001 -14"><span class='ocrx_word' id='word_1_227' title='bbox 59 2910 70 2935; x_wconf 62' lang='lat'><em>*</em></span> <span class='ocrx_word' id='word_1_228' title='bbox 109 2885 300 2977; x_wconf 51' lang='lat' dir='ltr'><strong>{diffidebat</strong></span> <span class='ocrx_word' id='word_1_229' title='bbox 314 2932 409 2991; x_wconf 89' lang='lat' dir='ltr'><strong>neque</strong></span> <span class='ocrx_word' id='word_1_230' title='bbox 423 2915 544 2974; x_wconf 92' lang='lat' dir='ltr'><strong>salutem</strong></span> <span class='ocrx_word' id='word_1_231' title='bbox 559 2932 641 2973; x_wconf 90' lang='lat' dir='ltr'><strong>suam</strong></span> <span class='ocrx_word' id='word_1_232' title='bbox 656 2913 807 2973; x_wconf 86' lang='lat' dir='ltr'><strong>Gallorum</strong></span> <span class='ocrx_word' id='word_1_233' title='bbox 821 2933 837 2972; x_wconf 94' lang='lat' dir='ltr'><strong>e</strong></span> <span class='ocrx_word' id='word_1_234' title='bbox 859 2915 958 2974; x_wconf 89' lang='lat' dir='ltr'><strong>uitatui</strong></span> <span class='ocrx_word' id='word_1_235' title='bbox 973 2919 1104 2976; x_wconf 91' lang='lat' dir='ltr'><strong>commit-</strong></span> 
     </span>
     <span class='ocr_line' id='line_1_29' title="bbox 108 2932 1104 3106; baseline -0.002 -31"><span class='ocrx_word' id='word_1_236' title='bbox 108 3026 171 3075; x_wconf 88' lang='lat' dir='ltr'><strong>tere</strong></span> <span class='ocrx_word' id='word_1_237' title='bbox 195 3014 328 3106; x_wconf 75' lang='lat' dir='ltr'><strong>audebat,</strong></span> <span class='ocrx_word' id='word_1_238' title='bbox 353 3013 640 3098; x_wconf 31' lang='lat' dir='ltr'><strong>commodissimum,</strong></span> <span class='ocrx_word' id='word_1_239' title='bbox 649 3031 713 3071; x_wconf 88' lang='lat' dir='ltr'><strong>esse</strong></span> <span class='ocrx_word' id='word_1_240' title='bbox 738 3021 794 3072; x_wconf 90' lang='lat' dir='ltr'><strong>stat</strong></span> <span class='ocrx_word' id='word_1_241' title='bbox 817 2932 994 3094; x_wconf 42' lang='lat' dir='ltr'><strong>&#39;infirmibus</strong></span> <span class='ocrx_word' id='word_1_242' title='bbox 1022 3017 1104 3091; x_wconf 90' lang='lat' dir='ltr'><strong>equis</strong></span> 
     </span>
     <span class='ocr_line' id='line_1_30' title="bbox 110 3078 1104 3223; baseline -0.003 -50"><span class='ocrx_word' id='word_1_243' title='bbox 110 3105 204 3173; x_wconf 88' lang='lat' dir='ltr'><strong>Gallis</strong></span> <span class='ocrx_word' id='word_1_244' title='bbox 219 3078 574 3223; x_wconf 37' lang='lat' dir='ltr'><strong>&amp;tullliusldetractispo</strong></span> <span class='ocrx_word' id='word_1_245' title='bbox 592 3111 767 3186; x_wconf 89' lang='lat' dir='ltr'><strong>legionarios</strong></span> <span class='ocrx_word' id='word_1_246' title='bbox 787 3111 891 3170; x_wconf 89' lang='lat' dir='ltr'><strong>milites</strong></span> <span class='ocrx_word' id='word_1_247' title='bbox 912 3111 1032 3188; x_wconf 85' lang='lat' dir='ltr'><strong>legionis</strong></span> <span class='ocrx_word' id='word_1_248' title='bbox 1055 3114 1104 3170; x_wconf 91' lang='lat' dir='ltr'><strong>de·</strong></span> 
     </span>
     <span class='ocr_line' id='line_1_31' title="bbox 109 3186 1149 3285; baseline 0 -14"><span class='ocrx_word' id='word_1_249' title='bbox 109 3213 213 3282; x_wconf 87' lang='lat' dir='ltr'><strong>cimae,</strong></span> <span class='ocrx_word' id='word_1_250' title='bbox 239 3211 286 3268; x_wconf 94' lang='lat' dir='ltr'><strong>cui</strong></span> <span class='ocrx_word' id='word_1_251' title='bbox 313 3227 402 3285; x_wconf 87' lang='lat' dir='ltr'><strong>quam</strong></span> <span class='ocrx_word' id='word_1_252' title='bbox 428 3209 554 3268; x_wconf 87' lang='lat' dir='ltr'><strong>maxime</strong></span> <span class='ocrx_word' id='word_1_253' title='bbox 582 3208 755 3279; x_wconf 86' lang='lat' dir='ltr'><strong>confidebat,</strong></span> <span class='ocrx_word' id='word_1_254' title='bbox 780 3186 939 3285; x_wconf 64' lang='lat' dir='ltr'><strong>irllpbnere,</strong></span> <span class='ocrx_word' id='word_1_255' title='bbox 963 3219 995 3267; x_wconf 93' lang='lat' dir='ltr'><strong>ut</strong></span> <span class='ocrx_word' id='word_1_256' title='bbox 1021 3228 1104 3285; x_wconf 90' lang='lat' dir='ltr'><strong>prae·</strong></span> <span class='ocrx_word' id='word_1_257' title='bbox 1118 3237 1149 3284; x_wconf 79' lang='lat'><strong>30</strong></span> 
     </span>
     <span class='ocr_line' id='line_1_32' title="bbox 13 3271 1103 3404; baseline -0.006 -32"><span class='ocrx_word' id='word_1_258' title='bbox 13 3288 19 3304; x_wconf 52' lang='lat'><strong><em>⁹</em></strong></span> <span class='ocrx_word' id='word_1_259' title='bbox 109 3312 219 3376; x_wconf 88' lang='lat' dir='ltr'><strong>sidium</strong></span> <span class='ocrx_word' id='word_1_260' title='bbox 241 3327 330 3386; x_wconf 90' lang='lat' dir='ltr'><strong>quam</strong></span> <span class='ocrx_word' id='word_1_261' title='bbox 348 3309 560 3380; x_wconf 86' lang='lat' dir='ltr'><strong>amicissimum,</strong></span> <span class='ocrx_word' id='word_1_262' title='bbox 581 3307 694 3404; x_wconf 33' lang='lat' dir='ltr'><strong>simquivd</strong></span> <span class='ocrx_word' id='word_1_263' title='bbox 715 3271 994 3401; x_wconf 59' lang='lat' dir='ltr'><strong>opusptactollesset</strong></span> <span class='ocrx_word' id='word_1_264' title='bbox 1014 3307 1103 3366; x_wconf 87' lang='lat' dir='ltr'><strong>habe-</strong></span> 
     </span>
     <span class='ocr_line' id='line_1_33' title="bbox 108 3379 1103 3482; baseline -0.005 -11"><span class='ocrx_word' id='word_1_265' title='bbox 108 3379 167 3471; x_wconf 64' lang='lat' dir='ltr'><strong>ret?</strong></span> <span class='ocrx_word' id='word_1_266' title='bbox 205 3407 297 3481; x_wconf 89' lang='lat' dir='ltr'><strong>Quod</strong></span> <span class='ocrx_word' id='word_1_267' title='bbox 317 3424 385 3466; x_wconf 92' lang='lat' dir='ltr'><strong>cum</strong></span> <span class='ocrx_word' id='word_1_268' title='bbox 405 3407 493 3478; x_wconf 90' lang='lat' dir='ltr'><strong>fieret,</strong></span> <span class='ocrx_word' id='word_1_269' title='bbox 514 3424 575 3466; x_wconf 93' lang='lat' dir='ltr'><strong>non</strong></span> <span class='ocrx_word' id='word_1_270' title='bbox 599 3379 745 3465; x_wconf 59' lang='lat' dir='ltr'><strong>millibus&amp;</strong></span> <span class='ocrx_word' id='word_1_271' title='bbox 764 3398 881 3482; x_wconf 87' lang='lat' dir='ltr'><strong>quidam</strong></span> <span class='ocrx_word' id='word_1_272' title='bbox 905 3423 941 3462; x_wconf 85' lang='lat' dir='ltr'><strong>ex</strong></span> <span class='ocrx_word' id='word_1_273' title='bbox 968 3405 1103 3466; x_wconf 90' lang='lat' dir='ltr'><strong>militibus</strong></span> 
     </span>
     <span class='ocr_line' id='line_1_34' title="bbox 109 3487 1103 3582; baseline 0 -18"><span class='ocrx_word' id='word_1_274' title='bbox 109 3508 243 3572; x_wconf 73' lang='lat' dir='ltr'><strong>dacinme·</strong></span> <span class='ocrx_word' id='word_1_275' title='bbox 256 3505 379 3582; x_wconf 82' lang='lat' dir='ltr'><strong>legionis</strong></span> <span class='ocrx_word' id='word_1_276' title='bbox 398 3504 486 3564; x_wconf 87' lang='lat' dir='ltr'><strong>dixit:</strong></span> <span class='ocrx_word' id='word_1_277' title='bbox 506 3487 674 3582; x_wconf 88' lang='lat' dir='ltr'><strong>plusquam</strong></span> <span class='ocrx_word' id='word_1_278' title='bbox 692 3503 835 3580; x_wconf 90' lang='lat' dir='ltr'><strong>pollicitus</strong></span> <span class='ocrx_word' id='word_1_279' title='bbox 849 3511 932 3578; x_wconf 82' lang='lat' dir='ltr'><strong>esset,</strong></span> <span class='ocrx_word' id='word_1_280' title='bbox 947 3501 1103 3564; x_wconf 88' lang='lat' dir='ltr'><strong>Caesarem</strong></span> 
     </span>
    </p>
   </div>
   <div class='ocr_carea' id='block_1_3' title="bbox 0 0 1320 3916">
    <p class='ocr_par' dir='ltr' id='par_1_3' title="bbox 0 0 1320 3916">
     <span class='ocr_line' id='line_1_35' title="bbox 0 0 1320 3916; baseline 0 1"><span class='ocrx_word' id='word_1_281' title='bbox 0 0 1320 3916; x_wconf 95' lang='lat' dir='ltr'><strong> </strong></span> 
     </span>
    </p>
   </div>
  </div>
 </body>
</html>
