2650 3918
194 179 257 244 104
520 177 549 224 e.
571 175 664 226 rnrrr
685 177 863 225 crusnam·
1057 201 1061 205 -
1152 173 1196 226 ν..

191 327 291 402 ignem
315 324 597 402 comprehenderunt
624 337 653 386 et
679 327 756 386 venti
783 326 981 404 magnitudine
1009 327 1039 383 in
1064 341 1186 383 ornnem

192 425 291 483 locum
330 433 489 482 castrorum
528 426 705 484 distulerunt.
747 425 859 485 Hostes
895 425 1023 483 maximo
1058 423 1187 481 clamore

193 523 275 581 sicuti
292 532 374 598 parta
392 523 450 580 iam
464 533 550 600 atque
564 525 711 600 explorata
727 524 844 583 victoria
858 534 949 582 turres
968 523 1187 597 testudinesque

194 638 280 696 agere
314 631 343 679 et
376 622 460 680 scalis
495 623 599 680 vallum
633 622 791 681 ascendere
826 631 992 698 coeperunt.
1033 620 1073 678 At
1107 628 1189 678 tanta

165 719 315 789 5militum
344 721 433 779 virtus
465 730 551 796 atque
583 738 618 778 ea
648 721 811 796 praesentia
841 721 930 778 animi
960 719 1021 790 fuit,
1049 727 1089 790 ut,
1118 736 1188 778 curn

194 818 322 892 undique
338 817 456 876 flamma
472 827 646 876 torrerentur
662 819 845 893 maximaque
863 817 987 875 telorum
1004 815 1187 874 multitudine

191 926 389 992 premerentur
406 933 516 992 suaque
530 917 629 974 omnia
645 915 854 992 impedimenta
870 925 957 991 atque
974 932 1078 972 omnes
1095 913 1187 971 fortu-

194 1030 247 1071 nas
268 1013 447 1090 conflagrare
472 1014 678 1090 intellegerent,
699 1031 760 1071 non
784 1013 874 1072 modo
898 1013 1078 1088 demigrandi
1098 1029 1189 1071 causa

195 1110 231 1168 de
251 1111 326 1170 vallo
347 1112 499 1171 decederet
519 1131 615 1184 nemo,
637 1111 689 1170 sed
713 1130 807 1188 paene
828 1131 865 1170 ne
889 1112 1044 1187 respiceret
1068 1111 1188 1187 quidem

151 1229 181 1264 10
195 1209 361 1285 quisquam,¹
375 1228 409 1268 ac
428 1221 490 1270 tum
509 1228 611 1270 omnes
630 1211 767 1269 acerrime
786 1209 996 1285 fortissimeque
1014 1219 1187 1284 pugnarent.

195 1306 253 1366 Hic
279 1308 341 1366 dies
365 1310 470 1368 nostris
494 1309 582 1385 longe
605 1309 790 1384 gravissimus
816 1307 883 1380 fuit;
912 1309 965 1366 sed
988 1317 1086 1366 tamen
1109 1307 1189 1366 hunc

194 1405 294 1464 habuit
312 1416 456 1479 eventurn,
470 1417 502 1466 ut
518 1426 555 1466 eo
572 1407 618 1466 die
638 1407 782 1465 maximus
803 1403 940 1464 numerus
959 1405 1087 1465 hostium
1105 1407 1190 1464 vuln-

195 1515 321 1562 eraretur
342 1514 429 1582 atque
453 1505 666 1576 interficeretur,
686 1515 719 1563 ut
740 1523 771 1564 se
797 1507 850 1563 sub
874 1505 939 1582 ipso
963 1504 1037 1563 vallo
1059 1505 1189 1582 constip-

195 1613 312 1660 averant
342 1622 546 1681 recessumque
569 1603 669 1680 primis
700 1603 792 1662 ultimi
820 1620 880 1662 non
908 1603 1025 1662 dabant.
1066 1604 1189 1662 Paulum

151 1721 182 1772 15·
195 1700 312 1776 quidem
336 1701 499 1760 intermissa
520 1703 638 1760 flamma
658 1711 687 1760 et
708 1702 837 1777 quodam
858 1703 925 1760 loco
946 1703 1013 1760 turri
1037 1701 1140 1761 adacta
1161 1711 1191 1759 et

194 1799 381 1875 contingente
401 1800 508 1858 vallum
529 1802 628 1858 tertiae
649 1800 777 1860 cohortis
799 1801 982 1860 centuriones
1004 1819 1040 1858 ex
1061 1819 1107 1871 eo,
1130 1818 1190 1876 quo

195 1899 317 1968 stabant,
341 1897 408 1956 loco
436 1907 617 1956 recesserunt
641 1917 768 1974 suosque
794 1909 985 1971 removerunt,
1010 1909 1081 1957 nutu
1110 1898 1189 1956 voci-

194 1996 307 2071 busque
325 1995 431 2068 hosteS,
447 1997 470 2055 si
484 1997 601 2054 introire
618 1997 731 2068 vellent,
746 2015 849 2055 vocare
864 2007 1041 2072 coeperunt;
1063 2014 1190 2072 quorum

195 2093 331 2170 progredi
359 2113 446 2153 ausus
475 2104 519 2152 est
546 2112 643 2153 nem0.
685 2095 765 2153 Tum
785 2113 822 2153 ex
843 2096 924 2153 omni
945 2107 1024 2171 parte
1045 2095 1190 2170 lapidibus

151 2214 184 2249 αα
196 2194 333 2252 coniectis
361 2193 511 2265 deturbati,
535 2195 676 2270 turrisque
705 2212 845 2252 succensa
872 2203 924 2252 est.
966 2200 1019 2252 44.
1040 2193 1131 2252 Erant
1159 2195 1190 2252 in

195 2309 230 2348 ea
263 2291 379 2365 legione
413 2290 562 2350 fortissimi
595 2293 654 2364 viri,
689 2293 879 2362 centuriones,
915 2293 963 2368 qui
998 2293 1054 2351 iarn
1088 2293 1190 2367 primis

194 2389 344 2446 ordinibus
365 2391 638 2466 appropinquarent,
659 2389 744 2448 Titus
765 2390 846 2447 Pulio
867 2399 896 2448 et
916 2389 1024 2448 Lucius
1045 2389 1190 2448 Vorenus.

197 2485 239 2543 Hi
273 2496 428 2561 perpetuas
464 2488 538 2545 inter
573 2505 604 2546 se
638 2488 848 2546 controversias
882 2486 1036 2559 habebant,
1072 2487 1191 2563 quinam

197 2584 391 2656 anteferretur,
407 2587 601 2662 omnibusque
618 2587 701 2644 annis
719 2587 755 2644 de
771 2587 843 2645 locis
862 2587 982 2644 summis
1000 2587 1192 2646 simultatibus

154 2697 182 2750 ²5
198 2684 424 2750 contendebant.
465 2685 511 2742 Ex
532 2685 576 2744 his
598 2686 691 2756 Puli0,
711 2702 778 2745 cum
799 2687 935 2744 acerrime
956 2686 994 2743 ad
1014 2687 1190 2745 munitiones

197 2793 382 2860 pugnaretur,
411 2783 508 2855 ‘Quid
540 2783 670 2855 dubitas‚’
698 2785 799 2860 inquit,
828 2783 983 2842 ‘Vorenei
1022 2795 1072 2843 aut
1102 2803 1190 2861 quem

197 2883 295 2940 locum
309 2894 375 2940 tuae
392 2881 559 2958 probandae
575 2882 684 2940 ¹virtutis
699 2883 870 2958 exspectas?
891 2881 939 2940 hie
954 2882 1015 2941 dies
1033 2883 1069 2941 de
1083 2885 1191 2944 nostris

199 2981 401 3040 controversiis
421 2980 575 3039 iudicabit!
618 2979 703 3039 Haec
725 2998 792 3038 cum
814 2979 940 3051 dixisset,
960 2981 1091 3056 procedit
1110 2992 1192 3041 extra

199 3079 376 3143 munitiones
398 3097 513 3155 quaque
534 3088 615 3156 parte
640 3077 769 3136 hostium
790 3077 1000 3137 confertissima
1021 3088 1064 3137 est
1084 3080 1134 3150 viS,
1156 3098 1192 3139 ea

154 3187 189 3250 ³0¹
199 3179 337 3254 irrumpit.
379 3176 425 3236 Ne
457 3177 593 3236 Vorenus
624 3177 743 3254 quidem
774 3194 838 3235 sese
868 3178 943 3235 vallo
971 3179 1109 3248 continet,
1139 3181 1193 3239 sed

199 3278 330 3335 omnium
343 3277 448 3335 veritus
467 3277 708 3335 existimationem
726 3276 915 3351 subsequitur.
959 3275 1038 3333 Tum
1052 3277 1193 3336 mediocri

199 3376 291 3450 spatio
316 3375 415 3434 relicto
440 3374 522 3434 Pulio
546 3374 636 3450 pilum
660 3375 690 3432 in
714 3373 813 3432 hostes
838 3375 965 3432 immittit
988 3383 1075 3450 atque
1100 3394 1192 3436 unum

199 3489 235 3532 ex
259 3473 440 3534 multitudine
464 3483 682 3554 procurrentem
700 3471 814 3536 trans:
842 3491 900 3550 quo
926 3490 1065 3550 percusso
1090 3484 1119 3534 et
1140 3493 1191 3536 ex-
