2686 3910
9 986 108 1062 „t

8 1279 126 1340 il,

119 94 127 104 ν.
132 93 154 104 m
174 93 175 100 i
219 97 220 102 η

104 181 292 265 .68-72.
390 201 436 247 nn
458 198 963 250 aaaronnrrrnoconu.v11.
1095 199 1153 267 ¹7¹

104 240 109 337 l

103 392 109 509 l
152 453 247 502 untur.
289 445 336 503 Fit
362 465 471 522 magna
498 435 620 506 caedes:
650 447 781 523 nonnulli
805 448 910 506 relictis
935 447 1017 523 equis
1043 447 1154 505 fossam

103 517 109 712 ξ
153 542 273 600 transire
295 546 502 604 etmaceriam
526 547 731 605 transcendere
757 555 905 604 conantur.
948 545 1071 646 Paulusrn
1094 545 1154 620 leg-

153 357 367 406 eoacervantur.
410 347 551 407 Germani
575 349 669 407 acrius
691 367 785 426 usque
809 350 847 407 ad
869 349 1046 408 munitiones
1060 356 1155 424 'sequ-

152 639 235 698 iones
257 640 374 712 Caesar,
397 662 470 720 quas
491 645 640 721 provallo
661 645 858 714 constituerat,
879 629 1045 724 pronsffiri
1065 645 1153 702 iubet.
1177 678 1180 684 ·

103 716 109 740 ¹
153 735 223 795 Non
245 739 350 811 minus,
366 743 415 819 qui
435 741 511 801 intra
529 743 707 801 munitiones
727 753 817 813 erant,
838 744 1041 819 perturbantur
1061 741 1153 800 Galli:
1169 763 1183 814 5

152 836 241 894 veniri
266 839 305 896 ad
330 857 362 898 se
387 839 542 899 confestim
568 842 765 900 existimantes
788 841 826 899 ad
851 860 930 900 arma
953 840 1153 913 conclamant3

103 926 107 961 ³
152 931 285 1002 nonnulli
312 939 451 1012 perterriti
478 940 509 996 in
537 940 679 1016 oppidum
706 939 879 1015 irrumpunt.
933 939 1154 1014 Vercingetorix

152 1035 231 1093 iubet
250 1047 350 1111 portas
370 1037 474 1108 claudi,
494 1057 532 1098 ne
554 1048 647 1097 castra
668 1037 822 1097 nudentur.
865 1039 966 1097 Multis
987 1038 1153 1108 interfectis

9 1187 10 1194 ,
101 1132 107 1263 5
144 1134 352 1224 [compluribus
366 1137 448 1212 equis
463 1138 555 1213 captis
570 1136 710 1196 Germani
726 1155 790 1196 sese
804 1138 955 1214 recipiunt.

127 1234 151 1316 s
193 1237 240 1292 ¹11.
261 1233 490 1309 Vercingetorix,
524 1236 695 1311 priusquam
727 1237 904 1295 munitiones
937 1239 975 1294 ab
1009 1235 1154 1296 Romanis
1170 1259 1199 1294 ro

102 1064 149 1124 l.

8 1327 9 1392 l
100 1344 106 1414 j
142 1330 343 1406 perficiantur,
359 1333 513 1392 consilium
535 1334 620 1409 capit,
638 1351 759 1392 omnem
778 1336 815 1396 ab
835 1353 866 1393 se
886 1337 1044 1411 equitatum
1063 1346 1153 1394 noctu

100 1419 105 1524 ξ
152 1428 303 1512 dimittere.
345 1430 571 1490 Discedentibus
592 1432 720 1503 mandat,
742 1442 774 1490 ut
795 1451 878 1490 suam
899 1433 1022 1510 quisque
1050 1451 1153 1492 eorum

8 1543 9 1556 ²
100 1546 105 1607 t
150 1527 296 1586 civitatem
331 1528 416 1587 adeat
449 1537 620 1605 omnesque,
648 1531 714 1606 qui.
727 1549 779 1606 per
813 1541 937 1590 aetatem
965 1550 1045 1590 arma
1078 1532 1152 1590 ferre

8 1623 9 1632 ’
100 1612 105 1653 ³
150 1627 273 1702 possint,
299 1626 336 1686 ad
366 1628 472 1687 bellurn
498 1639 613 1718 cogant.
657 1627 716 1687 Sua
743 1629 775 1687 in
798 1629 863 1687 illos
888 1630 990 1687 merita
1014 1631 1153 1706 proponit

151 1726 378 1802 obtestaturque,
393 1736 425 1784 ut
440 1745 509 1785 suae
525 1712 623 1785 salutis
645 1727 788 1786 rationem
809 1727 936 1785 habeant
958 1746 1015 1786 neu
1035 1747 1066 1787 se
1087 1739 1151 1804 opt·
1168 1750 1196 1800 15

7 1871 8 1882 .
151 1824 209 1883 ime
234 1825 272 1883 de
296 1827 447 1884 communi
468 1825 598 1883 libertate
619 1825 755 1884 meritum
779 1825 912 1884 hostibus
936 1827 967 1883 in
992 1828 1151 1888 cruciatum

5 1925 7 1960 ⁴
99 1921 104 1996 ξ
151 1923 266 1983 dedant.
321 1925 411 1997 Quod
439 1929 462 1984 si
492 1925 720 2001 indiligentiores
750 1923 863 2008 suerint,
892 1925 969 1984 milia
997 1926 1151 1984 hominurn

5 2001 7 2048 ³
99 2070 104 2102 z
151 2022 265 2081 delecta
290 2041 373 2081 xxxx
402 2043 460 2082 una
489 2042 590 2082 secum
617 2024 765 2081 interitura
793 2025 981 2082 demonstrat.
1024 2023 1151 2083 Ratione

98 2107 104 2154 ¹
150 2123 220 2180 inita
241 2141 273 2181 se
295 2123 400 2198 exigue
421 2124 533 2182 dierum
556 2140 616 2180 xxx
639 2122 746 2180 habere
774 2122 959 2192 frumentum,
982 2124 1034 2181 sed
1062 2124 1150 2198 paulo

98 2220 102 2280 ἒ
150 2222 238 2280 etiam
258 2223 374 2298 longius
392 2221 507 2281 tolerari
526 2239 613 2297 posse
631 2219 786 2297 parcendo,
830 2219 887 2278 His
902 2221 976 2279 datis
995 2222 1150 2293 mandatis,
1165 2241 1196 2276 πο

150 2337 209 2395 qua
232 2339 307 2397 opus
330 2330 391 2379 erat
415 2320 620 2390 intermissum,
641 2319 769 2378 secunda
790 2319 884 2394 vigilia
906 2319 1019 2378 silentio
1041 2321 1151 2396 equita-

99 2439 104 2455 <
139 2418 212 2476 'tum
233 2419 327 2477 mittit.
369 2418 559 2476 Frumentum
581 2434 669 2475 omne
691 2417 728 2475 ad
750 2435 781 2475 se
802 2416 900 2474 referri
922 2416 1018 2489 iubet;
1047 2419 1149 2494 capitis

148 2534 277 2592 poenam
304 2518 348 2588 iis,
378 2517 428 2594 qui
459 2534 520 2574 non
550 2517 706 2592 paruerint,
735 2514 899 2574 constituit:
935 2534 1035 2591 pecus,
1067 2519 1149 2577 cuius

99 2653 104 2669 .
147 2633 255 2690 magna
278 2625 340 2674 erat
363 2616 451 2692 copia
475 2616 512 2673 ab
541 2613 710 2672 Mandubiis
736 2614 898 2689 compulsa,
921 2613 1024 2672 viritim
1053 2615 1147 2674 distri-

98 2728 104 2772 t
147 2713 225 2783 buit3
249 2714 424 2772 frumentum
444 2731 531 2789 parce
550 2722 578 2770 et
596 2712 735 2789 paulatim
754 2712 848 2798 metiri
865 2712 993 2771 instituit.
1037 2713 1147 2790 Copias
1162 2738 1192 2788 ²⁵

100 2810 102 2818 '
146 2829 253 2870 omnes
277 2828 350 2887 quas
377 2830 431 2888 pro
456 2811 568 2888 oppido
593 2811 784 2869 collocaverat
808 2811 838 2867 in
863 2813 1005 2886 oppidum
1030 2817 1147 2891 recepit.

98 2895 102 2904 ¹
146 2909 205 2968 His
227 2911 387 2970 rationibus
411 2911 516 2970 auxilia
542 2909 653 2968 Galliae
675 2919 844 2986 exspectare
873 2920 901 2968 et
928 2911 1036 2969 bellum
1065 2924 1148 2988 parat

144 3008 354 3068 administrare.

98 3093 116 3128 ²⁴
186 3113 237 3168 72.
260 3106 376 3178 Quibus
395 3109 482 3166 rebus
501 3107 627 3182 cognitis
647 3125 683 3163 ex
702 3105 831 3182 perfugis
850 3117 879 3165 et
898 3107 1018 3182 captivis
1037 3105 1146 3168 Caesar

96 3207 101 3264 ζ
144 3205 217 3265 haec
244 3225 352 3283 genera
380 3205 550 3265 munitionis
578 3205 705 3262 instituit.
749 3205 873 3264 Fossam
904 3206 1014 3281 pedum
1045 3206 1144 3282 viginti
1157 3226 1189 3275 30

96 3315 102 3389 ξ
144 3305 260 3365 directis
288 3306 425 3364 lateribus
453 3304 544 3375 duxit,
573 3314 604 3362 ut
632 3304 695 3363 eius
722 3304 820 3364 fossae
849 3304 944 3363 solum
972 3305 1144 3364 tantundem

96 3412 102 3479 ς
143 3413 264 3480 pateret,
289 3414 432 3480 quantum
457 3421 588 3462 summae
609 3402 709 3460 fossae
731 3403 811 3461 labra
835 3403 989 3471 distarent;
1019 3402 1142 3478 reliquas

95 3486 101 3555 l
144 3521 249 3562 omnes
270 3501 447 3561 munitiones
469 3502 506 3561 ab
526 3519 562 3559 ea
582 3485 661 3560 fossa
682 3502 772 3577 pedes
794 3517 867 3560 cccc
890 3499 1010 3571 reduxit,
1034 3501 1064 3559 id
1086 3501 1144 3563 hoc
