2650 3918
204 187 265 252 116
527 201 557 251 c.
579 200 674 249 rurrr
695 197 867 249 CAESARIS
1150 191 1197 240 vr.

202 351 347 429 peditatus
358 350 557 429 equitatusque
567 351 658 428 copiis
669 349 831 410 Labienum
840 345 1108 422 eumuna-legione,
1123 357 1198 421 quae

202 452 233 508 in
256 468 358 508 eorum
379 451 484 510 finibus
508 451 691 518 hiemaverat,
714 449 818 508 adoriri
843 448 991 525 parabant,
1015 446 1131 520 iamque
1160 444 1198 502 ab

203 567 240 608 eo
255 566 315 607 non
333 549 449 626 longius
468 550 548 608 bidui
562 551 607 608 via
622 550 748 618 aberant,
764 566 831 607 curn
851 547 923 606 duas
937 546 1049 604 venisse
1067 542 1198 620 legiones

203 649 293 708 missu
318 647 450 707 Caesaris
474 657 665 724 cognoscunt.
707 647 811 706 Positis
836 645 935 704 castris
959 663 977 702 a
997 642 1112 700 milibus
1130 659 1198 718 pas·

176 764 289 817 5suum
313 763 355 803 xv
372 747 476 805 auxilia
495 745 709 805 Germanorum
726 755 893 821 exspectare
912 742 1098 801 constituunt
1140 739 1197 797 La·

205 846 308 904 bienus
332 843 460 903 hostium
497 845 604 968 ognito
629 845 749 903 consilio
774 861 893 920 sperans
917 840 1076 902 temeritate
1097 856 1198 897 eorum

205 943 266 1002 lore
286 942 411 1019 aliquam
426 943 454 1001 di
487 909 590 1000 ''chndi
598 942 686 1000 facult
687 951 771 1013 atem,
786 942 931 1018 praesidio
951 940 1078 1016 quinque
1093 937 1199 996 cohor·

204 1042 277 1100 tium
299 1040 514 1116 impedimentis
537 1040 645 1112 relict0,
666 1057 734 1099 cum
757 1040 856 1116 viginti
880 1039 1007 1116 quinque
1031 1035 1199 1096 cohortibus

205 1158 372 1216 magnoque
405 1141 533 1215 equitatu
565 1149 666 1199 contra
699 1140 814 1198 hostem
844 1139 1033 1216 proficiscitur
1060 1147 1089 1194 et
1121 1135 1199 1193 mille

163 1267 194 1304 10
206 1256 344 1314 passuum
377 1239 541 1296 intermisso
570 1239 663 1314 spatio
692 1247 785 1297 castra
813 1236 983 1296 communit.
1027 1234 1098 1292 Erat
1125 1234 1200 1292 inter

206 1336 367 1394 Labienum
394 1344 480 1411 atque
507 1336 622 1395 hostem
650 1336 756 1395 difficili
785 1335 905 1394 transitu
932 1334 1041 1392 flumen
1072 1332 1199 1409 ripisque

205 1435 374 1511 praeruptis
431 1433 501 1493 Hoc
527 1453 624 1510 neque
652 1435 715 1510 ipse
742 1434 861 1493 transire
888 1433 1014 1492 habebat
1042 1433 1074 1489 in
1101 1431 1199 1488 animo

206 1550 301 1608 neque
315 1533 412 1591 hostes
430 1534 599 1591 transituros
616 1533 805 1591 existimabat.
847 1532 1016 1608 Augebatur
1029 1530 1200 1590 auxiliorum

206 1630 313 1689 cotidie
326 1648 404 1706 spes.
446 1631 587 1707 Loquitur
602 1632 633 1688 in
647 1631 771 1689 concilio
786 1631 890 1708 palam,
906 1631 1044 1708 quoniam
1060 1628 1200 1688 Germani

97 1745 99 1748 ’
164 1755 193 1805 15
208 1729 440 1806 appropinquare
461 1730 601 1801 dicantur,
624 1747 688 1788 sese
710 1748 777 1789 suas
797 1731 995 1807 exercitusque
1020 1728 1148 1787 fortunas
1169 1727 1200 1785 in

208 1827 328 1886 dubium
347 1845 408 1886 non
427 1828 633 1887 devocaturum
652 1837 680 1887 et
699 1835 817 1904 postero
837 1828 883 1887 die
908 1828 1002 1904 prima
1021 1826 1085 1886 luce
1107 1836 1201 1884 castra

208 1935 364 1985 moturum.
406 1926 542 1985 Celeriter
556 1926 628 1985 haec
643 1926 680 1984 ad
694 1926 792 1986 hostes
806 1927 980 1998 deteruntur,
995 1934 1026 1984 ut
1040 1944 1075 1984 ex
1090 1943 1200 2000 magno

208 2023 359 2084 Gallorum
379 2025 509 2101 equitum
530 2042 651 2084 numero
672 2026 829 2084 nonnullos
850 2025 968 2084 Gallicis
992 2025 1078 2082 rebus
1105 2023 1201 2082 favere

207 2133 310 2181 natura
328 2124 460 2199 cogebat
502 2124 648 2184 Labienus
668 2135 756 2185 noctu
770 2125 889 2184 tribunis
908 2123 1029 2182 militum
1042 2123 1201 2200 primisque

165 2247 196 2281 ιο
209 2220 357 2279 ordinibus
366 2224 553 2334 dcqnvocatis
547 2226 646 2300 ‚quid
668 2225 712 2284 sui
734 2225 770 2283 sit
790 2223 909 2293 consilii,
930 2222 1067 2299 proponit
1082 2231 1120 2292 et,
1141 2239 1201 2297 quo

175 2315 319 2376 facilius
344 2277 475 2379 hostibus
499 2322 609 2382 timoris
638 2325 688 2383 det
677 2323 919 2400 tsuspicionem,
944 2321 1053 2379 maiore
1081 2321 1201 2396 strepitu

209 2423 237 2472 et
259 2417 390 2488 tumultu,
416 2421 631 2530 quarq7populr
659 2421 786 2480 Romani
813 2421 866 2480 fert
894 2419 1083 2490 consuetudo,
1108 2427 1201 2477 castra

209 2515 318 2572 moveri
332 2515 417 2574 iubet.
461 2516 518 2576 His
535 2491 622 2578 reb⁸us
639 2519 725 2596 fugae
740 2521 861 2579 similem
874 2517 1083 2594 profectionem
1098 2517 1202 2576 effecit.

210 2610 295 2669 Haec
316 2630 433 2690 quoque
452 2633 505 2690 per
521 2617 717 2694 exploratores
736 2630 803 2678 ante
821 2617 938 2676 lucem
931 2635 961 2674 ιιι
982 2625 1062 2674 tanta
1084 2617 1203 2692 propin-

166 2731 196 2782 ²5
211 2709 382 2826 quitatq
349 2723 509 2794 castrorum
538 2714 577 2772 ad
606 2715 705 2775 hostes
738 2717 910 2776 deseruntur.
953 2720 982 2774 8.
1004 2714 1062 2772 Vix
1096 2733 1202 2790 agmen

210 2775 399 2868 novissimurh
427 2823 509 2872 extra
535 2815 711 2874 munitiones
739 2822 926 2892 processerat,
955 2830 1022 2870 cum
1050 2811 1124 2871 Galli
1152 2832 1202 2872 co-

210 2907 314 2966 hortati
338 2909 411 2968 inter
435 2929 475 2982 se,
498 2931 535 2971 ne
560 2923 703 2988 speratam
727 2911 865 2990 praedam
889 2929 925 2969 ex
949 2911 1082 2970 manibus
1107 2912 1203 2970 dimit-

210 3013 319 3064 terent:
356 3006 478 3083 longum
518 3028 582 3070 esse
621 3012 775 3088 perterritis
813 3009 954 3068 Romanis
989 3009 1204 3070 Germanorum

211 3103 349 3161 auxilium
370 3115 546 3182 exspectare,
569 3127 663 3185 neque
685 3126 767 3168 suam
787 3108 846 3184 pati
869 3108 1045 3185 dignitatem,
1066 3119 1098 3166 ut
1116 3111 1205 3170 tantis

166 3200 303 3275 zocopiis
329 3211 390 3259 tam
421 3203 556 3278 exiguam
583 3225 703 3265 manum
733 3207 901 3285 praesertim
931 3205 1089 3282 fugientem
1117 3217 1205 3285 atque

211 3295 380 3372 impeditam
402 3300 509 3359 adoriri
531 3321 592 3362 non
614 3305 747 3378 audeant,
770 3304 879 3364 flumen
903 3306 1023 3365 transire
1046 3316 1076 3366 et
1103 3307 1206 3384 iniquo

211 3393 278 3452 loco
292 3397 471 3457 committere
484 3400 626 3475 proelium
646 3420 707 3461 non
727 3403 865 3462 dubitant.
908 3402 991 3475 Quae
1010 3403 1072 3463 fore
1094 3406 1221 3482 suspic-.

212 3499 276 3551 atus
297 3493 451 3572 Labienus,
472 3507 503 3558 ut
525 3516 627 3560 omnes
650 3502 719 3561 citra
739 3501 847 3560 flumen
868 3501 989 3576 eliceret,
1010 3501 1113 3568 eadem
1134 3521 1205 3564 usus
