<?xml version="1.0" encoding="UTF-8"?>
<!DOCTYPE html PUBLIC "-//W3C//DTD XHTML 1.0 Transitional//EN"
    "http://www.w3.org/TR/xhtml1/DTD/xhtml1-transitional.dtd">
<html xmlns="http://www.w3.org/1999/xhtml" xml:lang="en" lang="en">
 <head>
  <title>
</title>
<meta http-equiv="Content-Type" content="text/html;charset=utf-8" />
  <meta name='ocr-system' content='tesseract 3.04.00' />
  <meta name='ocr-capabilities' content='ocr_page ocr_carea ocr_par ocr_line ocrx_word'/>
</head>
<body>
  <div class='ocr_page' id='page_1' title='image "./commentariescju00hirtgoog_0152.png"; bbox 0 0 2650 3918; ppageno 0'>
   <div class='ocr_carea' id='block_1_1' title="bbox 5 199 1280 3666">
    <p class='ocr_par' dir='ltr' id='par_1_1' title="bbox 120 199 1120 336">
     <span class='ocr_line' id='line_1_1' title="bbox 120 199 1120 330; baseline 0.004 -86"><span class='ocrx_word' id='word_1_1' title='bbox 120 199 215 268; x_wconf 78' lang='lat'>3-7,</span> <span class='ocrx_word' id='word_1_2' title='bbox 335 199 381 246; x_wconf 80' lang='lat' dir='ltr'>ou</span> <span class='ocrx_word' id='word_1_3' title='bbox 403 199 513 248; x_wconf 78' lang='lat' dir='ltr'>numo</span> <span class='ocrx_word' id='word_1_4' title='bbox 536 200 687 250; x_wconf 70' lang='lat' dir='ltr'>oestron</span> <span class='ocrx_word' id='word_1_5' title='bbox 710 200 827 330; x_wconf 35' lang='lat' dir='ltr'>oounp</span> <span class='ocrx_word' id='word_1_6' title='bbox 847 203 895 252; x_wconf 78' lang='lat' dir='ltr'>vr.</span> <span class='ocrx_word' id='word_1_7' title='bbox 1088 223 1089 234; x_wconf 68' lang='lat'>.</span> <span class='ocrx_word' id='word_1_8' title='bbox 1118 242 1120 248; x_wconf 90' lang='lat'>.</span> 
     </span>
     <span class='ocr_line' id='line_1_2' title="bbox 831 277 1119 331; baseline 0.025 -9.2"><span class='ocrx_word' id='word_1_9' title='bbox 831 289 854 331; x_wconf 50' lang='lat' dir='ltr'>rr</span> <span class='ocrx_word' id='word_1_10' title='bbox 1065 277 1119 331; x_wconf 53' lang='lat' dir='ltr'>nuel</span> 
     </span>
    </p>

    <p class='ocr_par' dir='ltr' id='par_1_2' title="bbox 5 292 1280 3486">
     <span class='ocr_line' id='line_1_3' title="bbox 117 292 1123 432; baseline 0.008 -26"><span class='ocrx_word' id='word_1_11' title='bbox 117 357 170 406; x_wconf 90' lang='lat' dir='ltr'>tur.</span> <span class='ocrx_word' id='word_1_12' title='bbox 214 347 372 408; x_wconf 73' lang='lat' dir='ltr'>Obsidibus</span> <span class='ocrx_word' id='word_1_13' title='bbox 396 350 542 426; x_wconf 89' lang='lat' dir='ltr'>imperatis</span> <span class='ocrx_word' id='word_1_14' title='bbox 561 353 677 412; x_wconf 88' lang='lat' dir='ltr'>centurn</span> <span class='ocrx_word' id='word_1_15' title='bbox 695 353 750 432; x_wconf 85' lang='lat' dir='ltr'>hos</span> <span class='ocrx_word' id='word_1_16' title='bbox 775 353 885 413; x_wconf 83' lang='lat' dir='ltr'>Aeduis</span> <span class='ocrx_word' id='word_1_17' title='bbox 904 292 1123 414; x_wconf 43' lang='lat' dir='ltr'>&#39;custod-tealdo·</span> 
     </span>
     <span class='ocr_line' id='line_1_4' title="bbox 117 414 1280 555; baseline 0.007 -52"><span class='ocrx_word' id='word_1_18' title='bbox 117 446 208 505; x_wconf 83' lang='lat' dir='ltr'>tradit.</span> <span class='ocrx_word' id='word_1_19' title='bbox 250 447 366 504; x_wconf 89' lang='lat' dir='ltr'>Eodem</span> <span class='ocrx_word' id='word_1_20' title='bbox 386 447 528 509; x_wconf 82' lang='lat' dir='ltr'>Carnutes</span> <span class='ocrx_word' id='word_1_21' title='bbox 547 451 659 526; x_wconf 87' lang='lat' dir='ltr'>legatos</span> <span class='ocrx_word' id='word_1_22' title='bbox 680 451 990 555; x_wconf 56' lang='lat' dir='ltr'>obsidesprpeppittunt</span> <span class='ocrx_word' id='word_1_23' title='bbox 1001 453 1045 510; x_wconf 92' lang='lat' dir='ltr'>usi</span> <span class='ocrx_word' id='word_1_24' title='bbox 1063 414 1280 510; x_wconf 49' lang='lat' dir='ltr'>del¹⁴³5⁴&#39;⁰“⁶¹¹&#39;&#39;²“a</span> 
     </span>
     <span class='ocr_line' id='line_1_5' title="bbox 116 530 1121 649; baseline 0.007 -48"><span class='ocrx_word' id='word_1_25' title='bbox 116 545 315 620; x_wconf 83' lang='lat' dir='ltr'>precatoribus</span> <span class='ocrx_word' id='word_1_26' title='bbox 330 545 575 649; x_wconf 55' lang='lat' dir='ltr'>Rempsmquorum</span> <span class='ocrx_word' id='word_1_27' title='bbox 589 559 669 607; x_wconf 89' lang='lat' dir='ltr'>erant</span> <span class='ocrx_word' id='word_1_28' title='bbox 682 550 713 606; x_wconf 91' lang='lat' dir='ltr'>in</span> <span class='ocrx_word' id='word_1_29' title='bbox 729 530 878 608; x_wconf 60' lang='lat' dir='ltr'>clififit&#39;ela:</span> <span class='ocrx_word' id='word_1_30' title='bbox 901 549 1004 608; x_wconf 86' lang='lat' dir='ltr'>eadem</span> <span class='ocrx_word' id='word_1_31' title='bbox 1018 549 1121 608; x_wconf 86' lang='lat' dir='ltr'>ferunt</span> 
     </span>
     <span class='ocr_line' id='line_1_6' title="bbox 116 618 1112 724; baseline 0.007 -25"><span class='ocrx_word' id='word_1_32' title='bbox 116 661 265 718; x_wconf 90' lang='lat' dir='ltr'>responsa.</span> <span class='ocrx_word' id='word_1_33' title='bbox 307 618 429 722; x_wconf 50' lang='grc' dir='ltr'>Ρὲἑᾶξῆἶι</span> <span class='ocrx_word' id='word_1_34' title='bbox 456 649 609 706; x_wconf 89' lang='lat' dir='ltr'>concilium</span> <span class='ocrx_word' id='word_1_35' title='bbox 644 647 752 706; x_wconf 88' lang='lat' dir='ltr'>Caesar</span> <span class='ocrx_word' id='word_1_36' title='bbox 773 635 954 724; x_wconf 43' lang='lat' dir='ltr'>&#39;equitesque</span> <span class='ocrx_word' id='word_1_37' title='bbox 990 648 1112 724; x_wconf 86' lang='lat' dir='ltr'>imperat</span> 
     </span>
     <span class='ocr_line' id='line_1_7' title="bbox 116 741 1169 850; baseline 0.008 -52"><span class='ocrx_word' id='word_1_38' title='bbox 116 741 283 800; x_wconf 88' lang='lat' dir='ltr'>civitatibus.</span> <span class='ocrx_word' id='word_1_39' title='bbox 329 750 363 802; x_wconf 82' lang='lat'>5.</span> <span class='ocrx_word' id='word_1_40' title='bbox 381 745 448 804; x_wconf 91' lang='lat' dir='ltr'>Hac</span> <span class='ocrx_word' id='word_1_41' title='bbox 476 756 556 823; x_wconf 86' lang='lat' dir='ltr'>parte</span> <span class='ocrx_word' id='word_1_42' title='bbox 585 746 695 806; x_wconf 80' lang='lat' dir='ltr'>Galliae</span> <span class='ocrx_word' id='word_1_43' title='bbox 723 755 828 823; x_wconf 90' lang='lat' dir='ltr'>pacata</span> <span class='ocrx_word' id='word_1_44' title='bbox 850 755 928 805; x_wconf 87' lang='lat' dir='ltr'>totus</span> <span class='ocrx_word' id='word_1_45' title='bbox 957 755 986 804; x_wconf 89' lang='lat' dir='ltr'>et</span> <span class='ocrx_word' id='word_1_46' title='bbox 1014 755 1169 850; x_wconf 47' lang='grc' dir='ltr'>φῖηζιεβῑ]</span> 
     </span>
     <span class='ocr_line' id='line_1_8' title="bbox 115 821 1159 920; baseline 0.006 -24"><span class='ocrx_word' id='word_1_47' title='bbox 115 849 143 897; x_wconf 91' lang='lat' dir='ltr'>et</span> <span class='ocrx_word' id='word_1_48' title='bbox 172 840 270 898; x_wconf 88' lang='lat' dir='ltr'>animo</span> <span class='ocrx_word' id='word_1_49' title='bbox 306 842 336 898; x_wconf 89' lang='lat' dir='ltr'>in</span> <span class='ocrx_word' id='word_1_50' title='bbox 362 843 471 902; x_wconf 89' lang='lat' dir='ltr'>bellum</span> <span class='ocrx_word' id='word_1_51' title='bbox 505 845 698 904; x_wconf 78' lang='lat' dir='ltr'>Treverorum</span> <span class='ocrx_word' id='word_1_52' title='bbox 727 855 756 903; x_wconf 91' lang='lat' dir='ltr'>et</span> <span class='ocrx_word' id='word_1_53' title='bbox 786 844 963 920; x_wconf 83' lang='lat' dir='ltr'><strong>Ambiorigis</strong></span> <span class='ocrx_word' id='word_1_54' title='bbox 998 821 1159 902; x_wconf 63' lang='lat' dir='ltr'>tisistlt⁷&#39;.&#39;&#39;&#39;*&#39;‘</span> 
     </span>
     <span class='ocr_line' id='line_1_9' title="bbox 115 938 1109 1020; baseline 0.003 -23"><span class='ocrx_word' id='word_1_55' title='bbox 115 938 291 997; x_wconf 84' lang='lat' dir='ltr'>Cavarinum</span> <span class='ocrx_word' id='word_1_56' title='bbox 305 959 373 999; x_wconf 85' lang='lat' dir='ltr'>cunr</span> <span class='ocrx_word' id='word_1_57' title='bbox 387 943 514 1020; x_wconf 89' lang='lat' dir='ltr'>equitatu</span> <span class='ocrx_word' id='word_1_58' title='bbox 530 944 684 1002; x_wconf 50' lang='lat' dir='ltr'>Senonum*</span> <span class='ocrx_word' id='word_1_59' title='bbox 695 961 795 1002; x_wconf 88' lang='lat' dir='ltr'>secum</span> <span class='ocrx_word' id='word_1_60' title='bbox 814 942 956 1018; x_wconf 85' lang='lat' dir='ltr'>proficisci</span> <span class='ocrx_word' id='word_1_61' title='bbox 970 943 1056 1012; x_wconf 92' lang='lat' dir='ltr'>iubet,</span> <span class='ocrx_word' id='word_1_62' title='bbox 1072 961 1109 1000; x_wconf 90' lang='lat' dir='ltr'>ne</span> 
     </span>
     <span class='ocr_line' id='line_1_10' title="bbox 115 1039 1109 1130; baseline -0.017 -16"><span class='ocrx_word' id='word_1_63' title='bbox 115 1039 250 1130; x_wconf 29' lang='lat' dir='ltr'>qlllblkaut</span> <span class='ocrx_word' id='word_1_64' title='bbox 271 1062 307 1101; x_wconf 87' lang='lat' dir='ltr'>ex</span> <span class='ocrx_word' id='word_1_65' title='bbox 326 1041 410 1124; x_wconf 75' lang='lat' dir='ltr'>huius</span> <span class='ocrx_word' id='word_1_66' title='bbox 424 1042 571 1128; x_wconf 70' lang='lat' dir='ltr'>igacundia</span> <span class='ocrx_word' id='word_1_67' title='bbox 590 1052 640 1100; x_wconf 84' lang='lat' dir='ltr'>aut</span> <span class='ocrx_word' id='word_1_68' title='bbox 659 1061 695 1099; x_wconf 86' lang='lat' dir='ltr'>err</span> <span class='ocrx_word' id='word_1_69' title='bbox 714 1060 760 1112; x_wconf 90' lang='lat' dir='ltr'>eo,</span> <span class='ocrx_word' id='word_1_70' title='bbox 776 1041 856 1119; x_wconf 86' lang='lat' dir='ltr'>quod</span> <span class='ocrx_word' id='word_1_71' title='bbox 875 1049 1030 1110; x_wconf 77' lang='lat' dir='ltr'>meruerat„</span> <span class='ocrx_word' id='word_1_72' title='bbox 1041 1039 1109 1127; x_wconf 78' lang='lat' dir='ltr'>otlio</span> 
     </span>
     <span class='ocr_line' id='line_1_11' title="bbox 115 1118 1155 1218; baseline 0.001 -23"><span class='ocrx_word' id='word_1_73' title='bbox 115 1136 236 1198; x_wconf 86' lang='lat' dir='ltr'>civitatis</span> <span class='ocrx_word' id='word_1_74' title='bbox 245 1118 487 1218; x_wconf 59' lang='lat' dir='ltr'>‘motugerlsistat</span> <span class='ocrx_word' id='word_1_75' title='bbox 530 1141 586 1199; x_wconf 90' lang='lat' dir='ltr'>His</span> <span class='ocrx_word' id='word_1_76' title='bbox 597 1143 683 1199; x_wconf 88' lang='lat' dir='ltr'>rebus</span> <span class='ocrx_word' id='word_1_77' title='bbox 703 1139 880 1211; x_wconf 54' lang='lat' dir='ltr'>constitutis.</span> <span class='ocrx_word' id='word_1_78' title='bbox 890 1138 970 1215; x_wconf 92' lang='lat' dir='ltr'>quod</span> <span class='ocrx_word' id='word_1_79' title='bbox 1012 1157 1045 1214; x_wconf 87' lang='lat' dir='ltr'>ro</span> <span class='ocrx_word' id='word_1_80' title='bbox 1060 1119 1155 1196; x_wconf 53' lang='lat' dir='ltr'>eli-&#39;²‘</span> 
     </span>
     <span class='ocr_line' id='line_1_12' title="bbox 113 1207 1252 1316; baseline 0.001 -24"><span class='ocrx_word' id='word_1_81' title='bbox 113 1234 228 1310; x_wconf 88' lang='lat' dir='ltr'>plorato</span> <span class='ocrx_word' id='word_1_82' title='bbox 242 1239 366 1298; x_wconf 90' lang='lat' dir='ltr'>habebat</span> <span class='ocrx_word' id='word_1_83' title='bbox 379 1239 578 1315; x_wconf 68' lang='lat' dir='ltr'>Ambiorigem</span> <span class='ocrx_word' id='word_1_84' title='bbox 588 1240 700 1316; x_wconf 90' lang='lat' dir='ltr'>proelio</span> <span class='ocrx_word' id='word_1_85' title='bbox 714 1257 775 1296; x_wconf 91' lang='lat' dir='ltr'>non</span> <span class='ocrx_word' id='word_1_86' title='bbox 790 1256 855 1296; x_wconf 88' lang='lat' dir='ltr'>esse</span> <span class='ocrx_word' id='word_1_87' title='bbox 869 1207 1108 1314; x_wconf 59' lang='lat' dir='ltr'>concertalfiluul,</span> <span class='ocrx_word' id='word_1_88' title='bbox 1124 1257 1162 1299; x_wconf 80' lang='lat' dir='ltr'>ro,</span> <span class='ocrx_word' id='word_1_89' title='bbox 1250 1233 1252 1237; x_wconf 75' lang='grc'><strong>’</strong></span> 
     </span>
     <span class='ocr_line' id='line_1_13' title="bbox 113 1335 1110 1414; baseline 0.001 -23"><span class='ocrx_word' id='word_1_90' title='bbox 113 1335 224 1411; x_wconf 90' lang='lat' dir='ltr'>reliqua</span> <span class='ocrx_word' id='word_1_91' title='bbox 244 1339 305 1396; x_wconf 89' lang='lat' dir='ltr'>eius</span> <span class='ocrx_word' id='word_1_92' title='bbox 327 1339 446 1397; x_wconf 88' lang='lat' dir='ltr'>consilia</span> <span class='ocrx_word' id='word_1_93' title='bbox 460 1339 558 1397; x_wconf 89' lang='lat' dir='ltr'>animo</span> <span class='ocrx_word' id='word_1_94' title='bbox 577 1338 833 1414; x_wconf 79' lang='lat' dir='ltr'>circumspiciebat.</span> <span class='ocrx_word' id='word_1_95' title='bbox 874 1337 965 1394; x_wconf 80' lang='lat' dir='ltr'>Erant</span> <span class='ocrx_word' id='word_1_96' title='bbox 979 1335 1110 1410; x_wconf 81' lang='lat' dir='ltr'>Menapii</span> 
     </span>
     <span class='ocr_line' id='line_1_14' title="bbox 113 1433 1122 1512; baseline 0.003 -23"><span class='ocrx_word' id='word_1_97' title='bbox 113 1435 270 1512; x_wconf 88' lang='lat' dir='ltr'>propinqui</span> <span class='ocrx_word' id='word_1_98' title='bbox 293 1436 464 1495; x_wconf 86' lang='lat' dir='ltr'>Eburonum</span> <span class='ocrx_word' id='word_1_99' title='bbox 488 1437 601 1508; x_wconf 88' lang='lat' dir='ltr'>finibus,</span> <span class='ocrx_word' id='word_1_100' title='bbox 627 1437 773 1512; x_wconf 89' lang='lat' dir='ltr'>perpetuis</span> <span class='ocrx_word' id='word_1_101' title='bbox 798 1435 950 1510; x_wconf 85' lang='lat' dir='ltr'>paludibus</span> <span class='ocrx_word' id='word_1_102' title='bbox 975 1433 1122 1510; x_wconf 67' lang='lat' dir='ltr'>silvisque·3</span> 
     </span>
     <span class='ocr_line' id='line_1_15' title="bbox 113 1532 1107 1611; baseline 0.001 -22"><span class='ocrx_word' id='word_1_103' title='bbox 113 1532 224 1602; x_wconf 88' lang='lat' dir='ltr'>muniti,</span> <span class='ocrx_word' id='word_1_104' title='bbox 239 1534 289 1609; x_wconf 90' lang='lat' dir='ltr'>qui</span> <span class='ocrx_word' id='word_1_105' title='bbox 307 1536 357 1592; x_wconf 90' lang='lat' dir='ltr'>uui</span> <span class='ocrx_word' id='word_1_106' title='bbox 371 1537 407 1592; x_wconf 86' lang='lat' dir='ltr'>ex</span> <span class='ocrx_word' id='word_1_107' title='bbox 423 1534 516 1593; x_wconf 89' lang='lat' dir='ltr'>Gallia</span> <span class='ocrx_word' id='word_1_108' title='bbox 530 1535 566 1594; x_wconf 93' lang='lat' dir='ltr'>de</span> <span class='ocrx_word' id='word_1_109' title='bbox 580 1553 653 1611; x_wconf 89' lang='lat' dir='ltr'>pace</span> <span class='ocrx_word' id='word_1_110' title='bbox 667 1535 704 1594; x_wconf 88' lang='lat' dir='ltr'>ad</span> <span class='ocrx_word' id='word_1_111' title='bbox 720 1533 875 1592; x_wconf 83' lang='lat' dir='ltr'>Caesarem</span> <span class='ocrx_word' id='word_1_112' title='bbox 895 1533 1006 1609; x_wconf 89' lang='lat' dir='ltr'>legatos</span> <span class='ocrx_word' id='word_1_113' title='bbox 1024 1549 1107 1590; x_wconf 93' lang='lat' dir='ltr'>num·</span> 
     </span>
     <span class='ocr_line' id='line_1_16' title="bbox 113 1632 1108 1708; baseline 0.002 -21"><span class='ocrx_word' id='word_1_114' title='bbox 113 1647 202 1705; x_wconf 91' lang='lat' dir='ltr'>quam</span> <span class='ocrx_word' id='word_1_115' title='bbox 215 1632 361 1690; x_wconf 88' lang='lat' dir='ltr'>miserant.</span> <span class='ocrx_word' id='word_1_116' title='bbox 404 1632 480 1691; x_wconf 88' lang='lat' dir='ltr'>Cum</span> <span class='ocrx_word' id='word_1_117' title='bbox 494 1633 538 1691; x_wconf 90' lang='lat' dir='ltr'>his</span> <span class='ocrx_word' id='word_1_118' title='bbox 553 1651 617 1692; x_wconf 90' lang='lat' dir='ltr'>esse</span> <span class='ocrx_word' id='word_1_119' title='bbox 631 1633 788 1708; x_wconf 77' lang='lat' dir='ltr'>hospitium</span> <span class='ocrx_word' id='word_1_120' title='bbox 804 1632 966 1706; x_wconf 75' lang='lat' dir='ltr'>Ambiorigi</span> <span class='ocrx_word' id='word_1_121' title='bbox 981 1632 1108 1703; x_wconf 50' lang='lat' dir='ltr'>sciebat3¹</span> 
     </span>
     <span class='ocr_line' id='line_1_17' title="bbox 112 1728 1150 1806; baseline 0.003 -21"><span class='ocrx_word' id='word_1_122' title='bbox 112 1728 181 1786; x_wconf 89' lang='lat' dir='ltr'>item</span> <span class='ocrx_word' id='word_1_123' title='bbox 195 1747 248 1805; x_wconf 91' lang='lat' dir='ltr'>per</span> <span class='ocrx_word' id='word_1_124' title='bbox 262 1730 410 1790; x_wconf 90' lang='lat' dir='ltr'>Treveros·</span> <span class='ocrx_word' id='word_1_125' title='bbox 420 1732 532 1790; x_wconf 90' lang='lat' dir='ltr'>venisse</span> <span class='ocrx_word' id='word_1_126' title='bbox 547 1731 701 1791; x_wconf 76' lang='lat' dir='ltr'>Gennanis</span> <span class='ocrx_word' id='word_1_127' title='bbox 716 1732 750 1790; x_wconf 85' lang='lat' dir='ltr'>in.</span> <span class='ocrx_word' id='word_1_128' title='bbox 760 1731 913 1789; x_wconf 85' lang='lat' dir='ltr'>amicitiam</span> <span class='ocrx_word' id='word_1_129' title='bbox 922 1740 1105 1806; x_wconf 89' lang='lat' dir='ltr'>cognoverat.</span> <span class='ocrx_word' id='word_1_130' title='bbox 1122 1747 1150 1797; x_wconf 86' lang='lat'>15</span> 
     </span>
     <span class='ocr_line' id='line_1_18' title="bbox 112 1824 1106 1904; baseline 0.001 -20"><span class='ocrx_word' id='word_1_131' title='bbox 112 1824 197 1886; x_wconf 91' lang='lat' dir='ltr'>Haec</span> <span class='ocrx_word' id='word_1_132' title='bbox 217 1829 296 1904; x_wconf 91' lang='lat' dir='ltr'>prius</span> <span class='ocrx_word' id='word_1_133' title='bbox 316 1830 355 1887; x_wconf 86' lang='lat' dir='ltr'>illi</span> <span class='ocrx_word' id='word_1_134' title='bbox 375 1830 551 1889; x_wconf 84' lang='lat' dir='ltr'>detrahenda</span> <span class='ocrx_word' id='word_1_135' title='bbox 571 1831 676 1888; x_wconf 88' lang='lat' dir='ltr'>auxilia</span> <span class='ocrx_word' id='word_1_136' title='bbox 697 1829 878 1888; x_wconf 88' lang='lat' dir='ltr'>existimabat</span> <span class='ocrx_word' id='word_1_137' title='bbox 898 1846 986 1904; x_wconf 86' lang='lat' dir='ltr'>quam</span> <span class='ocrx_word' id='word_1_138' title='bbox 1010 1829 1106 1903; x_wconf 90' lang='lat' dir='ltr'>ipsum</span> 
     </span>
     <span class='ocr_line' id='line_1_19' title="bbox 111 1925 1108 2013; baseline 0.002 -31"><span class='ocrx_word' id='word_1_139' title='bbox 111 1925 189 1984; x_wconf 94' lang='lat' dir='ltr'>bello</span> <span class='ocrx_word' id='word_1_140' title='bbox 211 1927 373 2001; x_wconf 80' lang='lat' dir='ltr'>lacesseret,</span> <span class='ocrx_word' id='word_1_141' title='bbox 396 1949 433 1988; x_wconf 98' lang='lat' dir='ltr'>ne</span> <span class='ocrx_word' id='word_1_142' title='bbox 462 1930 614 2006; x_wconf 88' lang='lat' dir='ltr'>desperata</span> <span class='ocrx_word' id='word_1_143' title='bbox 642 1929 732 1988; x_wconf 89' lang='lat' dir='ltr'>salute</span> <span class='ocrx_word' id='word_1_144' title='bbox 757 1936 805 1986; x_wconf 89' lang='lat' dir='ltr'>aut</span> <span class='ocrx_word' id='word_1_145' title='bbox 834 1945 864 2013; x_wconf 87' lang='lat' dir='ltr'>se</span> <span class='ocrx_word' id='word_1_146' title='bbox 892 1927 922 1984; x_wconf 90' lang='lat' dir='ltr'>in</span> <span class='ocrx_word' id='word_1_147' title='bbox 951 1926 1108 2001; x_wconf 85' lang='lat' dir='ltr'>Menapios</span> 
     </span>
     <span class='ocr_line' id='line_1_20' title="bbox 112 2023 1105 2101; baseline 0.001 -20"><span class='ocrx_word' id='word_1_148' title='bbox 112 2025 231 2084; x_wconf 86' lang='lat' dir='ltr'>abderet</span> <span class='ocrx_word' id='word_1_149' title='bbox 252 2036 301 2085; x_wconf 91' lang='lat' dir='ltr'>aut</span> <span class='ocrx_word' id='word_1_150' title='bbox 323 2046 390 2086; x_wconf 91' lang='lat' dir='ltr'>cum</span> <span class='ocrx_word' id='word_1_151' title='bbox 413 2027 645 2086; x_wconf 83' lang='lat' dir='ltr'>Transrhenanis</span> <span class='ocrx_word' id='word_1_152' title='bbox 670 2026 810 2101; x_wconf 83' lang='lat' dir='ltr'>congredi</span> <span class='ocrx_word' id='word_1_153' title='bbox 834 2035 992 2100; x_wconf 87' lang='lat' dir='ltr'>cogeretur.</span> <span class='ocrx_word' id='word_1_154' title='bbox 1035 2023 1105 2082; x_wconf 91' lang='lat' dir='ltr'>Hoc</span> 
     </span>
     <span class='ocr_line' id='line_1_21' title="bbox 111 2123 1104 2202; baseline 0.002 -23"><span class='ocrx_word' id='word_1_155' title='bbox 111 2123 182 2183; x_wconf 86' lang='lat' dir='ltr'>inito</span> <span class='ocrx_word' id='word_1_156' title='bbox 197 2125 319 2185; x_wconf 87' lang='lat' dir='ltr'>consilio</span> <span class='ocrx_word' id='word_1_157' title='bbox 339 2128 426 2186; x_wconf 90' lang='lat' dir='ltr'>totius</span> <span class='ocrx_word' id='word_1_158' title='bbox 447 2127 588 2186; x_wconf 87' lang='lat' dir='ltr'>exercitus</span> <span class='ocrx_word' id='word_1_159' title='bbox 609 2126 817 2202; x_wconf 86' lang='lat' dir='ltr'>impedimenta</span> <span class='ocrx_word' id='word_1_160' title='bbox 833 2124 872 2184; x_wconf 88' lang='lat' dir='ltr'>ad</span> <span class='ocrx_word' id='word_1_161' title='bbox 891 2123 1053 2182; x_wconf 90' lang='lat' dir='ltr'>Labienum</span> <span class='ocrx_word' id='word_1_162' title='bbox 1073 2123 1104 2181; x_wconf 91' lang='lat' dir='ltr'>in</span> 
     </span>
     <span class='ocr_line' id='line_1_22' title="bbox 111 2221 1148 2302; baseline -0.005 -21"><span class='ocrx_word' id='word_1_163' title='bbox 111 2221 255 2282; x_wconf 86' lang='lat' dir='ltr'>Treveros</span> <span class='ocrx_word' id='word_1_164' title='bbox 279 2225 363 2284; x_wconf 87' lang='lat' dir='ltr'>mittit</span> <span class='ocrx_word' id='word_1_165' title='bbox 387 2225 517 2302; x_wconf 88' lang='lat' dir='ltr'>duasque</span> <span class='ocrx_word' id='word_1_166' title='bbox 541 2225 670 2300; x_wconf 86' lang='lat' dir='ltr'>legiones</span> <span class='ocrx_word' id='word_1_167' title='bbox 694 2224 732 2281; x_wconf 93' lang='lat' dir='ltr'>ad</span> <span class='ocrx_word' id='word_1_168' title='bbox 756 2241 823 2282; x_wconf 90' lang='lat' dir='ltr'>eum</span> <span class='ocrx_word' id='word_1_169' title='bbox 845 2222 988 2298; x_wconf 89' lang='lat' dir='ltr'>proficisci</span> <span class='ocrx_word' id='word_1_170' title='bbox 1008 2223 1102 2296; x_wconf 86' lang='lat' dir='ltr'>iubet;</span> <span class='ocrx_word' id='word_1_171' title='bbox 1117 2243 1148 2277; x_wconf 62' lang='grc' dir='ltr'>πο</span> 
     </span>
     <span class='ocr_line' id='line_1_23' title="bbox 110 2321 1102 2411; baseline 0.002 -33"><span class='ocrx_word' id='word_1_172' title='bbox 110 2322 172 2396; x_wconf 90' lang='lat' dir='ltr'>ipse</span> <span class='ocrx_word' id='word_1_173' title='bbox 200 2340 268 2380; x_wconf 90' lang='lat' dir='ltr'>cum</span> <span class='ocrx_word' id='word_1_174' title='bbox 295 2324 458 2399; x_wconf 89' lang='lat' dir='ltr'>legionibus</span> <span class='ocrx_word' id='word_1_175' title='bbox 482 2323 622 2398; x_wconf 86' lang='lat' dir='ltr'>expeditis</span> <span class='ocrx_word' id='word_1_176' title='bbox 647 2323 774 2403; x_wconf 77' lang='lat' dir='ltr'>quinque</span> <span class='ocrx_word' id='word_1_177' title='bbox 801 2323 835 2379; x_wconf 91' lang='lat' dir='ltr'>in-</span> <span class='ocrx_word' id='word_1_178' title='bbox 856 2321 1018 2411; x_wconf 76' lang='lat' dir='ltr'>Menapios</span> <span class='ocrx_word' id='word_1_179' title='bbox 1035 2339 1102 2410; x_wconf 59' lang='lat' dir='ltr'>ppo·</span> 
     </span>
     <span class='ocr_line' id='line_1_24' title="bbox 5 2383 1102 2498; baseline 0.001 -20"><span class='ocrx_word' id='word_1_180' title='bbox 5 2469 11 2484; x_wconf 85' lang='grc'><em>,</em></span> <span class='ocrx_word' id='word_1_181' title='bbox 110 2421 251 2480; x_wconf 88' lang='lat' dir='ltr'>ficiscitur.</span> <span class='ocrx_word' id='word_1_182' title='bbox 294 2421 338 2478; x_wconf 92' lang='lat' dir='ltr'>Illi</span> <span class='ocrx_word' id='word_1_183' title='bbox 357 2422 435 2480; x_wconf 93' lang='lat' dir='ltr'>nulla</span> <span class='ocrx_word' id='word_1_184' title='bbox 449 2431 549 2481; x_wconf 90' lang='lat' dir='ltr'>coacta</span> <span class='ocrx_word' id='word_1_185' title='bbox 563 2383 1102 2498; x_wconf 48' lang='lat' dir='ltr'>manullbcipraesidiollss‘filfifsiluas</span> 
     </span>
     <span class='ocr_line' id='line_1_25' title="bbox 108 2518 1107 2608; baseline 0.002 -32"><span class='ocrx_word' id='word_1_186' title='bbox 108 2518 288 2608; x_wconf 62' lang='lat' dir='ltr'>paludesque</span> <span class='ocrx_word' id='word_1_187' title='bbox 303 2519 474 2596; x_wconf 88' lang='lat' dir='ltr'>confugiunt</span> <span class='ocrx_word' id='word_1_188' title='bbox 493 2539 602 2597; x_wconf 90' lang='lat' dir='ltr'>suaque</span> <span class='ocrx_word' id='word_1_189' title='bbox 620 2520 726 2578; x_wconf 89' lang='lat' dir='ltr'>eodem</span> <span class='ocrx_word' id='word_1_190' title='bbox 739 2518 900 2578; x_wconf 88' lang='lat' dir='ltr'>conferunt.</span> <span class='ocrx_word' id='word_1_191' title='bbox 942 2525 971 2577; x_wconf 85' lang='grc'>6.</span> <span class='ocrx_word' id='word_1_192' title='bbox 994 2518 1107 2580; x_wconf 88' lang='lat' dir='ltr'>Caesar</span> 
     </span>
     <span class='ocr_line' id='line_1_26' title="bbox 107 2611 1100 2718; baseline 0.004 -43"><span class='ocrx_word' id='word_1_193' title='bbox 107 2611 217 2693; x_wconf 80' lang='lat' dir='ltr'>partitis</span> <span class='ocrx_word' id='word_1_194' title='bbox 245 2619 336 2693; x_wconf 90' lang='lat' dir='ltr'>copiis</span> <span class='ocrx_word' id='word_1_195' title='bbox 364 2636 430 2676; x_wconf 93' lang='lat' dir='ltr'>cum</span> <span class='ocrx_word' id='word_1_196' title='bbox 460 2618 535 2676; x_wconf 92' lang='lat' dir='ltr'>Gaio</span> <span class='ocrx_word' id='word_1_197' title='bbox 563 2619 655 2678; x_wconf 90' lang='lat' dir='ltr'>Fabio</span> <span class='ocrx_word' id='word_1_198' title='bbox 682 2617 792 2718; x_wconf 63' lang='lat' dir='ltr'>legato¹</span> <span class='ocrx_word' id='word_1_199' title='bbox 805 2626 834 2694; x_wconf 75' lang='lat' dir='ltr'>et</span> <span class='ocrx_word' id='word_1_200' title='bbox 862 2617 964 2676; x_wconf 91' lang='lat' dir='ltr'>Marco</span> <span class='ocrx_word' id='word_1_201' title='bbox 993 2618 1100 2679; x_wconf 87' lang='lat' dir='ltr'>Crasso</span> 
     </span>
     <span class='ocr_line' id='line_1_27' title="bbox 107 2698 1162 2793; baseline 0 -19"><span class='ocrx_word' id='word_1_202' title='bbox 107 2724 260 2791; x_wconf 89' lang='lat' dir='ltr'>quaestore</span> <span class='ocrx_word' id='word_1_203' title='bbox 271 2716 456 2792; x_wconf 89' lang='lat' dir='ltr'>celeriterque</span> <span class='ocrx_word' id='word_1_204' title='bbox 470 2717 579 2775; x_wconf 87' lang='lat' dir='ltr'>effectis</span> <span class='ocrx_word' id='word_1_205' title='bbox 590 2698 955 2793; x_wconf 48' lang='lat' dir='ltr'>pontibus²aliit¹lripertito</span> <span class='ocrx_word' id='word_1_206' title='bbox 971 2719 1100 2778; x_wconf 88' lang='lat' dir='ltr'>aedificia</span> <span class='ocrx_word' id='word_1_207' title='bbox 1115 2736 1162 2789; x_wconf 80' lang='lat'>²5·-</span> 
     </span>
     <span class='ocr_line' id='line_1_28' title="bbox 105 2815 1099 2893; baseline 0.005 -21"><span class='ocrx_word' id='word_1_208' title='bbox 105 2816 248 2890; x_wconf 89' lang='lat' dir='ltr'>vicosque·</span> <span class='ocrx_word' id='word_1_209' title='bbox 270 2815 406 2886; x_wconf 89' lang='lat' dir='ltr'>incendit,</span> <span class='ocrx_word' id='word_1_210' title='bbox 427 2834 536 2890; x_wconf 88' lang='lat' dir='ltr'>magno</span> <span class='ocrx_word' id='word_1_211' title='bbox 561 2817 674 2893; x_wconf 88' lang='lat' dir='ltr'>pecoris</span> <span class='ocrx_word' id='word_1_212' title='bbox 700 2825 785 2893; x_wconf 89' lang='lat' dir='ltr'>atque</span> <span class='ocrx_word' id='word_1_213' title='bbox 806 2817 957 2874; x_wconf 88' lang='lat' dir='ltr'>hominum</span> <span class='ocrx_word' id='word_1_214' title='bbox 977 2836 1099 2877; x_wconf 90' lang='lat' dir='ltr'>numero</span> 
     </span>
     <span class='ocr_line' id='line_1_29' title="bbox 105 2913 1099 2993; baseline 0.004 -23"><span class='ocrx_word' id='word_1_215' title='bbox 105 2913 220 2987; x_wconf 89' lang='lat' dir='ltr'>potitur.</span> <span class='ocrx_word' id='word_1_216' title='bbox 274 2913 387 2985; x_wconf 86' lang='lat' dir='ltr'>Quibus</span> <span class='ocrx_word' id='word_1_217' title='bbox 406 2915 506 2980; x_wconf 51' lang='lat' dir='ltr'>¹rebus</span> <span class='ocrx_word' id='word_1_218' title='bbox 539 2915 631 2973; x_wconf 84' lang='lat' dir='ltr'>coacti</span> <span class='ocrx_word' id='word_1_219' title='bbox 665 2914 795 2989; x_wconf 88' lang='lat' dir='ltr'>Menapii</span> <span class='ocrx_word' id='word_1_220' title='bbox 822 2914 936 2993; x_wconf 79' lang='lat' dir='ltr'>legatos</span> <span class='ocrx_word' id='word_1_221' title='bbox 967 2916 1004 2974; x_wconf 92' lang='lat' dir='ltr'>ad</span> <span class='ocrx_word' id='word_1_222' title='bbox 1032 2935 1099 2974; x_wconf 89' lang='lat' dir='ltr'>eum</span> 
     </span>
     <span class='ocr_line' id='line_1_30' title="bbox 104 3011 1097 3090; baseline 0.003 -21"><span class='ocrx_word' id='word_1_223' title='bbox 104 3011 185 3086; x_wconf 88' lang='lat' dir='ltr'>pacis</span> <span class='ocrx_word' id='word_1_224' title='bbox 205 3011 348 3087; x_wconf 86' lang='lat' dir='ltr'>petendae</span> <span class='ocrx_word' id='word_1_225' title='bbox 368 3030 456 3071; x_wconf 90' lang='lat' dir='ltr'>causa</span> <span class='ocrx_word' id='word_1_226' title='bbox 473 3013 599 3070; x_wconf 88' lang='lat' dir='ltr'>mittunt.</span> <span class='ocrx_word' id='word_1_227' title='bbox 643 3013 694 3071; x_wconf 90' lang='lat' dir='ltr'>Ille</span> <span class='ocrx_word' id='word_1_228' title='bbox 709 3014 859 3072; x_wconf 91' lang='lat' dir='ltr'>obsidibus</span> <span class='ocrx_word' id='word_1_229' title='bbox 873 3015 998 3090; x_wconf 89' lang='lat' dir='ltr'>acceptis</span> <span class='ocrx_word' id='word_1_230' title='bbox 1017 3015 1097 3074; x_wconf 91' lang='lat' dir='ltr'>host-</span> 
     </span>
     <span class='ocr_line' id='line_1_31' title="bbox 103 3109 1097 3189; baseline 0.006 -23"><span class='ocrx_word' id='word_1_231' title='bbox 103 3109 164 3167; x_wconf 89' lang='lat' dir='ltr'>ium</span> <span class='ocrx_word' id='word_1_232' title='bbox 189 3127 220 3167; x_wconf 91' lang='lat' dir='ltr'>se</span> <span class='ocrx_word' id='word_1_233' title='bbox 251 3109 414 3168; x_wconf 87' lang='lat' dir='ltr'>habiturum</span> <span class='ocrx_word' id='word_1_234' title='bbox 441 3129 562 3170; x_wconf 89' lang='lat' dir='ltr'>numero</span> <span class='ocrx_word' id='word_1_235' title='bbox 587 3113 747 3184; x_wconf 87' lang='lat' dir='ltr'>confirmat,</span> <span class='ocrx_word' id='word_1_236' title='bbox 772 3114 797 3170; x_wconf 88' lang='lat' dir='ltr'>si</span> <span class='ocrx_word' id='word_1_237' title='bbox 824 3123 873 3171; x_wconf 88' lang='lat' dir='ltr'>aut</span> <span class='ocrx_word' id='word_1_238' title='bbox 896 3113 1097 3189; x_wconf 88' lang='lat' dir='ltr'>Ambiorigem</span> 
     </span>
     <span class='ocr_line' id='line_1_32' title="bbox 103 3207 1142 3287; baseline 0.006 -21"><span class='ocrx_word' id='word_1_239' title='bbox 103 3217 152 3267; x_wconf 90' lang='lat' dir='ltr'>aut</span> <span class='ocrx_word' id='word_1_240' title='bbox 175 3209 237 3267; x_wconf 87' lang='lat' dir='ltr'>eius</span> <span class='ocrx_word' id='word_1_241' title='bbox 261 3210 374 3285; x_wconf 89' lang='lat' dir='ltr'>legatos</span> <span class='ocrx_word' id='word_1_242' title='bbox 399 3211 584 3270; x_wconf 87' lang='lat' dir='ltr'>finibussuis</span> <span class='ocrx_word' id='word_1_243' title='bbox 612 3213 795 3287; x_wconf 90' lang='lat' dir='ltr'>recepissent.</span> <span class='ocrx_word' id='word_1_244' title='bbox 838 3207 894 3270; x_wconf 90' lang='lat' dir='ltr'>His</span> <span class='ocrx_word' id='word_1_245' title='bbox 920 3213 1097 3272; x_wconf 90' lang='lat' dir='ltr'>confirmatis</span> <span class='ocrx_word' id='word_1_246' title='bbox 1111 3227 1142 3278; x_wconf 79' lang='lat'>30</span> 
     </span>
     <span class='ocr_line' id='line_1_33' title="bbox 101 3307 1096 3387; baseline 0.005 -23"><span class='ocrx_word' id='word_1_247' title='bbox 101 3309 188 3366; x_wconf 91' lang='lat' dir='ltr'>rebus</span> <span class='ocrx_word' id='word_1_248' title='bbox 210 3307 378 3366; x_wconf 89' lang='lat' dir='ltr'>Commium</span> <span class='ocrx_word' id='word_1_249' title='bbox 401 3309 568 3367; x_wconf 88' lang='lat' dir='ltr'>Atrebatem</span> <span class='ocrx_word' id='word_1_250' title='bbox 584 3328 651 3368; x_wconf 88' lang='lat' dir='ltr'>curn</span> <span class='ocrx_word' id='word_1_251' title='bbox 673 3311 800 3387; x_wconf 89' lang='lat' dir='ltr'>equitatu</span> <span class='ocrx_word' id='word_1_252' title='bbox 825 3311 952 3369; x_wconf 92' lang='lat' dir='ltr'>custodis</span> <span class='ocrx_word' id='word_1_253' title='bbox 976 3311 1041 3368; x_wconf 91' lang='lat' dir='ltr'>loco</span> <span class='ocrx_word' id='word_1_254' title='bbox 1065 3311 1096 3369; x_wconf 89' lang='lat' dir='ltr'>in</span> 
     </span>
     <span class='ocr_line' id='line_1_34' title="bbox 101 3396 911 3486; baseline 0 -21"><span class='ocrx_word' id='word_1_255' title='bbox 101 3405 248 3482; x_wconf 89' lang='lat' dir='ltr'>Menapiis</span> <span class='ocrx_word' id='word_1_256' title='bbox 262 3407 414 3484; x_wconf 83' lang='lat' dir='ltr'>relinquit3</span> <span class='ocrx_word' id='word_1_257' title='bbox 437 3408 499 3483; x_wconf 91' lang='lat' dir='ltr'>ipse</span> <span class='ocrx_word' id='word_1_258' title='bbox 514 3411 543 3467; x_wconf 91' lang='lat' dir='ltr'>in</span> <span class='ocrx_word' id='word_1_259' title='bbox 557 3409 701 3469; x_wconf 91' lang='lat' dir='ltr'>Treveros</span> <span class='ocrx_word' id='word_1_260' title='bbox 715 3396 911 3486; x_wconf 88' lang='lat' dir='ltr'>proficiscitur.</span> 
     </span>
    </p>

    <p class='ocr_par' dir='ltr' id='par_1_3' title="bbox 138 3505 1117 3584">
     <span class='ocr_line' id='line_1_35' title="bbox 138 3505 1117 3584; baseline 0.001 -17"><span class='ocrx_word' id='word_1_261' title='bbox 138 3513 171 3569; x_wconf 81' lang='grc'>,7.</span> <span class='ocrx_word' id='word_1_262' title='bbox 192 3505 274 3566; x_wconf 91' lang='lat' dir='ltr'>Dum</span> <span class='ocrx_word' id='word_1_263' title='bbox 293 3507 365 3566; x_wconf 86' lang='lat' dir='ltr'>haec</span> <span class='ocrx_word' id='word_1_264' title='bbox 380 3525 399 3566; x_wconf 84' lang='lat' dir='ltr'>a</span> <span class='ocrx_word' id='word_1_265' title='bbox 412 3505 537 3568; x_wconf 86' lang='lat' dir='ltr'>Caesare</span> <span class='ocrx_word' id='word_1_266' title='bbox 556 3519 702 3584; x_wconf 88' lang='lat' dir='ltr'>geruntur,</span> <span class='ocrx_word' id='word_1_267' title='bbox 717 3507 835 3569; x_wconf 88' lang='lat' dir='ltr'>Treveri</span> <span class='ocrx_word' id='word_1_268' title='bbox 854 3507 972 3584; x_wconf 86' lang='lat' dir='ltr'>magnis</span> <span class='ocrx_word' id='word_1_269' title='bbox 987 3509 1095 3568; x_wconf 89' lang='lat' dir='ltr'>coactis</span> <span class='ocrx_word' id='word_1_270' title='bbox 1115 3541 1117 3548; x_wconf 94' lang='lat'>·</span> 
     </span>
    </p>

    <p class='ocr_par' dir='ltr' id='par_1_4' title="bbox 563 3623 607 3666">
     <span class='ocr_line' id='line_1_36' title="bbox 563 3623 607 3666; baseline 0.023 -1"><span class='ocrx_word' id='word_1_271' title='bbox 563 3623 607 3666; x_wconf 84' lang='lat'>12</span> 
     </span>
    </p>
   </div>
   <div class='ocr_carea' id='block_1_2' title="bbox 0 0 1330 3918">
    <p class='ocr_par' dir='ltr' id='par_1_5' title="bbox 0 0 1330 3918">
     <span class='ocr_line' id='line_1_37' title="bbox 0 0 1330 3918; baseline 0 6"><span class='ocrx_word' id='word_1_272' title='bbox 0 0 1330 3918; x_wconf 95' lang='lat' dir='ltr'> </span> 
     </span>
    </p>
   </div>
  </div>
 </body>
</html>
