<?xml version="1.0" encoding="UTF-8"?>
<!DOCTYPE html PUBLIC "-//W3C//DTD XHTML 1.0 Transitional//EN"
    "http://www.w3.org/TR/xhtml1/DTD/xhtml1-transitional.dtd">
<html xmlns="http://www.w3.org/1999/xhtml" xml:lang="en" lang="en">
 <head>
  <title>
</title>
<meta http-equiv="Content-Type" content="text/html;charset=utf-8" />
  <meta name='ocr-system' content='tesseract 3.04.00' />
  <meta name='ocr-capabilities' content='ocr_page ocr_carea ocr_par ocr_line ocrx_word'/>
</head>
<body>
  <div class='ocr_page' id='page_1' title='image "./commentariescju00hirtgoog_0176.png"; bbox 0 0 2650 3918; ppageno 0'>
   <div class='ocr_carea' id='block_1_1' title="bbox 377 598 830 666">
    <p class='ocr_par' dir='ltr' id='par_1_1' title="bbox 377 551 830 666">
     <span class='ocr_line' id='line_1_1' title="bbox 377 598 830 666; baseline 0.02 -11"><span class='ocrx_word' id='word_1_1' title='bbox 377 600 418 666; x_wconf 81' lang='lat' dir='ltr'>C.</span> <span class='ocrx_word' id='word_1_2' title='bbox 443 601 566 665; x_wconf 93' lang='lat' dir='ltr'><strong>IULII</strong></span> <span class='ocrx_word' id='word_1_3' title='bbox 592 598 830 666; x_wconf 89' lang='lat' dir='ltr'>CAESARIS</span> 
     </span>
    </p>
   </div>
   <div class='ocr_carea' id='block_1_2' title="bbox 198 805 1018 908">
    <p class='ocr_par' dir='ltr' id='par_1_2' title="bbox 198 805 1018 908">
     <span class='ocr_line' id='line_1_2' title="bbox 198 805 1018 908; baseline 0.002 -4"><span class='ocrx_word' id='word_1_4' title='bbox 198 823 295 906; x_wconf 76' lang='lat' dir='ltr'>nn</span> <span class='ocrx_word' id='word_1_5' title='bbox 364 805 617 908; x_wconf 73' lang='lat' dir='ltr'>senno</span> <span class='ocrx_word' id='word_1_6' title='bbox 676 825 1018 908; x_wconf 72' lang='lat' dir='ltr'>entered</span> 
     </span>
    </p>
   </div>
   <div class='ocr_carea' id='block_1_3' title="bbox 362 1024 929 1104">
    <p class='ocr_par' dir='ltr' id='par_1_3' title="bbox 362 1024 929 1104">
     <span class='ocr_line' id='line_1_3' title="bbox 362 1024 929 1104; baseline 0.004 -2"><span class='ocrx_word' id='word_1_7' title='bbox 362 1047 647 1103; x_wconf 78' lang='lat' dir='ltr'>conununnnrus</span> <span class='ocrx_word' id='word_1_8' title='bbox 674 1024 852 1104; x_wconf 77' lang='lat' dir='ltr'>suprnrus.</span> <span class='ocrx_word' id='word_1_9' title='bbox 927 1087 929 1092; x_wconf 76' lang='lat'><em>.</em></span> 
     </span>
    </p>
   </div>
   <div class='ocr_carea' id='block_1_4' title="bbox 413 1226 801 1303">
    <p class='ocr_par' dir='ltr' id='par_1_4' title="bbox 413 1226 801 1303">
     <span class='ocr_line' id='line_1_4' title="bbox 413 1226 801 1303; baseline 0.005 -18"><span class='ocrx_word' id='word_1_10' title='bbox 413 1226 486 1287; x_wconf 49' lang='lat' dir='ltr'>¹B.C.</span> <span class='ocrx_word' id='word_1_11' title='bbox 510 1243 556 1302; x_wconf 84' lang='lat'>52.</span> <span class='ocrx_word' id='word_1_12' title='bbox 599 1227 711 1289; x_wconf 54' lang='grc' dir='ltr'>ΑΜΕ.</span> <span class='ocrx_word' id='word_1_13' title='bbox 734 1241 801 1303; x_wconf 83' lang='lat'><em>702.</em></span> 
     </span>
    </p>
   </div>
   <div class='ocr_carea' id='block_1_5' title="bbox 112 1461 1108 1725">
    <p class='ocr_par' dir='ltr' id='par_1_5' title="bbox 112 1461 1108 1725">
     <span class='ocr_line' id='line_1_5' title="bbox 145 1461 1108 1548; baseline 0.003 -20"><span class='ocrx_word' id='word_1_14' title='bbox 145 1479 223 1529; x_wconf 87' lang='lat' dir='ltr'>Great</span> <span class='ocrx_word' id='word_1_15' title='bbox 229 1461 355 1529; x_wconf 72' lang='lat' dir='ltr'>Reroltof</span> <span class='ocrx_word' id='word_1_16' title='bbox 361 1479 434 1538; x_wconf 86' lang='lat' dir='ltr'>Gaul,</span> <span class='ocrx_word' id='word_1_17' title='bbox 441 1481 490 1530; x_wconf 87' lang='lat' dir='ltr'>and</span> <span class='ocrx_word' id='word_1_18' title='bbox 498 1482 623 1531; x_wconf 87' lang='lat' dir='ltr'>Massaere</span> <span class='ocrx_word' id='word_1_19' title='bbox 630 1482 659 1531; x_wconf 89' lang='lat' dir='ltr'>of</span> <span class='ocrx_word' id='word_1_20' title='bbox 663 1483 760 1540; x_wconf 86' lang='lat' dir='ltr'>Roman</span> <span class='ocrx_word' id='word_1_21' title='bbox 768 1483 884 1533; x_wconf 76' lang='lat' dir='ltr'>cirilians¹</span> <span class='ocrx_word' id='word_1_22' title='bbox 902 1486 999 1537; x_wconf 85' lang='lat' dir='ltr'>Roman</span> <span class='ocrx_word' id='word_1_23' title='bbox 1005 1499 1108 1548; x_wconf 80' lang='lat' dir='ltr'>passage</span> 
     </span>
     <span class='ocr_line' id='line_1_6' title="bbox 112 1562 1107 1632; baseline 0.003 -20"><span class='ocrx_word' id='word_1_24' title='bbox 112 1563 140 1612; x_wconf 88' lang='lat' dir='ltr'>of</span> <span class='ocrx_word' id='word_1_25' title='bbox 156 1562 199 1612; x_wconf 90' lang='lat' dir='ltr'>the</span> <span class='ocrx_word' id='word_1_26' title='bbox 219 1563 353 1612; x_wconf 85' lang='lat' dir='ltr'>Cevennes.</span> <span class='ocrx_word' id='word_1_27' title='bbox 394 1563 449 1611; x_wconf 82' lang='lat' dir='ltr'>Fall</span> <span class='ocrx_word' id='word_1_28' title='bbox 466 1564 495 1611; x_wconf 86' lang='lat' dir='ltr'>ol</span> <span class='ocrx_word' id='word_1_29' title='bbox 508 1564 650 1614; x_wconf 88' lang='lat' dir='ltr'>Avaricum.</span> <span class='ocrx_word' id='word_1_30' title='bbox 691 1565 789 1614; x_wconf 91' lang='lat' dir='ltr'>F-ailure</span> <span class='ocrx_word' id='word_1_31' title='bbox 806 1573 832 1614; x_wconf 88' lang='lat' dir='ltr'>at</span> <span class='ocrx_word' id='word_1_32' title='bbox 850 1565 976 1632; x_wconf 84' lang='lat' dir='ltr'>Gergovia.</span> <span class='ocrx_word' id='word_1_33' title='bbox 1019 1567 1107 1616; x_wconf 90' lang='lat' dir='ltr'>Revolt</span> 
     </span>
     <span class='ocr_line' id='line_1_7' title="bbox 112 1643 979 1725; baseline 0.006 -32"><span class='ocrx_word' id='word_1_34' title='bbox 112 1647 139 1693; x_wconf 90' lang='lat' dir='ltr'>of</span> <span class='ocrx_word' id='word_1_35' title='bbox 147 1643 236 1725; x_wconf 85' lang='lat' dir='ltr'>Aedui.</span> <span class='ocrx_word' id='word_1_36' title='bbox 270 1646 371 1695; x_wconf 90' lang='lat' dir='ltr'>Retreat</span> <span class='ocrx_word' id='word_1_37' title='bbox 382 1645 411 1695; x_wconf 91' lang='lat' dir='ltr'>of</span> <span class='ocrx_word' id='word_1_38' title='bbox 419 1647 541 1695; x_wconf 83' lang='lat' dir='ltr'>Labienus</span> <span class='ocrx_word' id='word_1_39' title='bbox 552 1645 616 1696; x_wconf 84' lang='lat' dir='ltr'>lrom</span> <span class='ocrx_word' id='word_1_40' title='bbox 628 1647 732 1697; x_wconf 87' lang='lat' dir='ltr'>Lutetia.</span> <span class='ocrx_word' id='word_1_41' title='bbox 753 1648 837 1712; x_wconf 79' lang='lat' dir='ltr'>&#39;Siege</span> <span class='ocrx_word' id='word_1_42' title='bbox 849 1649 877 1697; x_wconf 88' lang='lat' dir='ltr'>of</span> <span class='ocrx_word' id='word_1_43' title='bbox 886 1649 979 1698; x_wconf 85' lang='lat' dir='ltr'>Alesia.</span> 
     </span>
    </p>
   </div>
   <div class='ocr_carea' id='block_1_6' title="bbox 36 1802 1153 3554">
    <p class='ocr_par' dir='ltr' id='par_1_6' title="bbox 152 1802 1108 1878">
     <span class='ocr_line' id='line_1_8' title="bbox 152 1802 1108 1878; baseline 0.005 -16"><span class='ocrx_word' id='word_1_44' title='bbox 152 1810 176 1862; x_wconf 90' lang='lat'>1.</span> <span class='ocrx_word' id='word_1_45' title='bbox 199 1802 325 1875; x_wconf 80' lang='lat' dir='ltr'>Qnrunn</span> <span class='ocrx_word' id='word_1_46' title='bbox 342 1803 444 1863; x_wconf 80' lang='lat' dir='ltr'>&#39;Gallia</span> <span class='ocrx_word' id='word_1_47' title='bbox 469 1802 583 1877; x_wconf 90' lang='lat' dir='ltr'>Caesar,</span> <span class='ocrx_word' id='word_1_48' title='bbox 605 1814 638 1863; x_wconf 93' lang='lat' dir='ltr'>ut</span> <span class='ocrx_word' id='word_1_49' title='bbox 662 1807 856 1878; x_wconf 87' lang='lat' dir='ltr'>constituerat,</span> <span class='ocrx_word' id='word_1_50' title='bbox 879 1807 908 1863; x_wconf 91' lang='lat' dir='ltr'>in</span> <span class='ocrx_word' id='word_1_51' title='bbox 933 1805 1046 1865; x_wconf 90' lang='lat' dir='ltr'>Italiam</span> <span class='ocrx_word' id='word_1_52' title='bbox 1070 1808 1108 1867; x_wconf 91' lang='lat' dir='ltr'>ad</span> 
     </span>
    </p>

    <p class='ocr_par' dir='ltr' id='par_1_7' title="bbox 36 1893 1108 1979">
     <span class='ocr_line' id='line_1_9' title="bbox 36 1893 1108 1979; baseline 0.001 -17"><span class='ocrx_word' id='word_1_53' title='bbox 36 1941 37 1946; x_wconf 22' lang='grc' dir='ltr'><strong><em>κ</em></strong></span> <span class='ocrx_word' id='word_1_54' title='bbox 112 1893 282 1962; x_wconf 64' lang='lat' dir='ltr'>conventus⁸</span> <span class='ocrx_word' id='word_1_55' title='bbox 300 1903 431 1978; x_wconf 84' lang='lat' dir='ltr'>agendos</span> <span class='ocrx_word' id='word_1_56' title='bbox 458 1903 656 1978; x_wconf 86' lang='lat' dir='ltr'>proficiscitur.</span> <span class='ocrx_word' id='word_1_57' title='bbox 697 1904 742 1962; x_wconf 90' lang='lat' dir='ltr'>Ibi</span> <span class='ocrx_word' id='word_1_58' title='bbox 771 1904 923 1979; x_wconf 84' lang='lat' dir='ltr'>cognoscit</span> <span class='ocrx_word' id='word_1_59' title='bbox 951 1904 987 1962; x_wconf 90' lang='lat' dir='ltr'>de</span> <span class='ocrx_word' id='word_1_60' title='bbox 1013 1904 1108 1963; x_wconf 89' lang='lat' dir='ltr'>Clodii</span> 
     </span>
    </p>

    <p class='ocr_par' dir='ltr' id='par_1_8' title="bbox 36 1991 1107 2078">
     <span class='ocr_line' id='line_1_10' title="bbox 36 1991 1107 2078; baseline 0.001 -19"><span class='ocrx_word' id='word_1_61' title='bbox 36 1991 37 1994; x_wconf 27' lang='lat'>¹</span> <span class='ocrx_word' id='word_1_62' title='bbox 113 2001 212 2072; x_wconf 87' lang='lat' dir='ltr'>caede,</span> <span class='ocrx_word' id='word_1_63' title='bbox 241 2000 276 2059; x_wconf 93' lang='lat' dir='ltr'>de</span> <span class='ocrx_word' id='word_1_64' title='bbox 309 2011 483 2078; x_wconf 87' lang='lat' dir='ltr'>senatusque</span> <span class='ocrx_word' id='word_1_65' title='bbox 515 2001 650 2060; x_wconf 88' lang='lat' dir='ltr'>consulto</span> <span class='ocrx_word' id='word_1_66' title='bbox 677 2003 780 2060; x_wconf 88' lang='lat' dir='ltr'>certior</span> <span class='ocrx_word' id='word_1_67' title='bbox 812 2001 913 2072; x_wconf 86' lang='lat' dir='ltr'>factus,</span> <span class='ocrx_word' id='word_1_68' title='bbox 941 2011 973 2060; x_wconf 92' lang='lat' dir='ltr'>ut</span> <span class='ocrx_word' id='word_1_69' title='bbox 1004 2020 1107 2060; x_wconf 88' lang='lat' dir='ltr'>omnes</span> 
     </span>
    </p>

    <p class='ocr_par' dir='ltr' id='par_1_9' title="bbox 112 2097 1108 2176">
     <span class='ocr_line' id='line_1_11' title="bbox 112 2097 1108 2176; baseline 0.002 -20"><span class='ocrx_word' id='word_1_70' title='bbox 112 2100 240 2156; x_wconf 86' lang='lat' dir='ltr'>iuniores</span> <span class='ocrx_word' id='word_1_71' title='bbox 261 2098 360 2158; x_wconf 86' lang='lat' dir='ltr'>Italiae</span> <span class='ocrx_word' id='word_1_72' title='bbox 380 2101 570 2171; x_wconf 84' lang='lat' dir='ltr'>coniurarent,</span> <span class='ocrx_word' id='word_1_73' title='bbox 583 2097 733 2158; x_wconf 89' lang='lat' dir='ltr'>delectum</span> <span class='ocrx_word' id='word_1_74' title='bbox 748 2110 814 2158; x_wconf 89' lang='lat' dir='ltr'>tota</span> <span class='ocrx_word' id='word_1_75' title='bbox 834 2100 983 2176; x_wconf 88' lang='lat' dir='ltr'>provincia</span> <span class='ocrx_word' id='word_1_76' title='bbox 1001 2099 1108 2159; x_wconf 86' lang='lat' dir='ltr'>habere</span> 
     </span>
    </p>

    <p class='ocr_par' dir='ltr' id='par_1_10' title="bbox 36 2179 1136 2281">
     <span class='ocr_line' id='line_1_12' title="bbox 36 2179 1136 2281; baseline 0.002 -27"><span class='ocrx_word' id='word_1_77' title='bbox 36 2179 37 2246; x_wconf 89' lang='lat' dir='ltr'>l</span> <span class='ocrx_word' id='word_1_78' title='bbox 112 2197 240 2255; x_wconf 90' lang='lat' dir='ltr'>instituit.</span> <span class='ocrx_word' id='word_1_79' title='bbox 283 2197 343 2257; x_wconf 88' lang='lat' dir='ltr'>Eae</span> <span class='ocrx_word' id='word_1_80' title='bbox 367 2217 413 2257; x_wconf 88' lang='lat' dir='ltr'>res</span> <span class='ocrx_word' id='word_1_81' title='bbox 438 2200 468 2256; x_wconf 89' lang='lat' dir='ltr'>in</span> <span class='ocrx_word' id='word_1_82' title='bbox 494 2198 618 2257; x_wconf 86' lang='lat' dir='ltr'>Galliam</span> <span class='ocrx_word' id='word_1_83' title='bbox 643 2198 866 2274; x_wconf 86' lang='lat' dir='ltr'>Transalpinam</span> <span class='ocrx_word' id='word_1_84' title='bbox 880 2198 1019 2256; x_wconf 49' lang='lat' dir='ltr'>¹celeriter</span> <span class='ocrx_word' id='word_1_85' title='bbox 1042 2216 1136 2281; x_wconf 82' lang='lat' dir='ltr'>per-5</span> 
     </span>
    </p>

    <p class='ocr_par' dir='ltr' id='par_1_11' title="bbox 36 2283 1108 2472">
     <span class='ocr_line' id='line_1_13' title="bbox 36 2283 1108 2374; baseline 0.005 -22"><span class='ocrx_word' id='word_1_86' title='bbox 36 2283 37 2291; x_wconf 9' lang='grc' dir='ltr'>ἵ</span> <span class='ocrx_word' id='word_1_87' title='bbox 113 2295 250 2353; x_wconf 85' lang='lat' dir='ltr'>feruntur.</span> <span class='ocrx_word' id='word_1_88' title='bbox 294 2296 415 2363; x_wconf 87' lang='lat' dir='ltr'>Addunt</span> <span class='ocrx_word' id='word_1_89' title='bbox 438 2297 494 2374; x_wconf 91' lang='lat' dir='ltr'>ipsi</span> <span class='ocrx_word' id='word_1_90' title='bbox 519 2307 547 2355; x_wconf 91' lang='lat' dir='ltr'>et</span> <span class='ocrx_word' id='word_1_91' title='bbox 572 2296 712 2372; x_wconf 76' lang='lat' dir='ltr'>affingunt</span> <span class='ocrx_word' id='word_1_92' title='bbox 735 2297 899 2354; x_wconf 83' lang='lat' dir='ltr'>rumoribus</span> <span class='ocrx_word' id='word_1_93' title='bbox 921 2295 1005 2368; x_wconf 89' lang='lat' dir='ltr'>Galli,</span> <span class='ocrx_word' id='word_1_94' title='bbox 1027 2298 1108 2373; x_wconf 93' lang='lat' dir='ltr'>quod</span> 
     </span>
     <span class='ocr_line' id='line_1_14' title="bbox 113 2393 1107 2472; baseline 0.006 -22"><span class='ocrx_word' id='word_1_95' title='bbox 113 2411 158 2452; x_wconf 90' lang='lat' dir='ltr'>res</span> <span class='ocrx_word' id='word_1_96' title='bbox 175 2411 296 2469; x_wconf 90' lang='lat' dir='ltr'>poscere</span> <span class='ocrx_word' id='word_1_97' title='bbox 313 2395 471 2466; x_wconf 88' lang='lat' dir='ltr'>videbatur,</span> <span class='ocrx_word' id='word_1_98' title='bbox 486 2395 598 2453; x_wconf 92' lang='lat' dir='ltr'>retineri</span> <span class='ocrx_word' id='word_1_99' title='bbox 615 2395 727 2462; x_wconf 87' lang='lat' dir='ltr'>urbano</span> <span class='ocrx_word' id='word_1_100' title='bbox 745 2405 827 2453; x_wconf 92' lang='lat' dir='ltr'>motu</span> <span class='ocrx_word' id='word_1_101' title='bbox 842 2393 997 2452; x_wconf 89' lang='lat' dir='ltr'>Caesarem</span> <span class='ocrx_word' id='word_1_102' title='bbox 1012 2413 1107 2472; x_wconf 90' lang='lat' dir='ltr'>neque</span> 
     </span>
    </p>

    <p class='ocr_par' dir='ltr' id='par_1_12' title="bbox 36 2477 1107 2570">
     <span class='ocr_line' id='line_1_15' title="bbox 36 2477 1107 2570; baseline 0.004 -20"><span class='ocrx_word' id='word_1_103' title='bbox 36 2477 37 2544; x_wconf 91' lang='lat' dir='ltr'>l</span> <span class='ocrx_word' id='word_1_104' title='bbox 114 2495 143 2551; x_wconf 93' lang='lat' dir='ltr'>in</span> <span class='ocrx_word' id='word_1_105' title='bbox 168 2494 255 2551; x_wconf 89' lang='lat' dir='ltr'>tantis</span> <span class='ocrx_word' id='word_1_106' title='bbox 280 2494 509 2555; x_wconf 87' lang='lat' dir='ltr'>dissensionibus</span> <span class='ocrx_word' id='word_1_107' title='bbox 536 2493 574 2552; x_wconf 91' lang='lat' dir='ltr'>ad</span> <span class='ocrx_word' id='word_1_108' title='bbox 598 2495 756 2552; x_wconf 84' lang='lat' dir='ltr'>exercitum</span> <span class='ocrx_word' id='word_1_109' title='bbox 777 2493 876 2552; x_wconf 87' lang='lat' dir='ltr'>-venire</span> <span class='ocrx_word' id='word_1_110' title='bbox 900 2511 998 2570; x_wconf 86' lang='lat' dir='ltr'>posse.</span> <span class='ocrx_word' id='word_1_111' title='bbox 1040 2495 1107 2554; x_wconf 87' lang='lat' dir='ltr'>Hac</span> 
     </span>
    </p>

    <p class='ocr_par' dir='ltr' id='par_1_13' title="bbox 36 2591 1107 2669">
     <span class='ocr_line' id='line_1_16' title="bbox 36 2591 1107 2669; baseline 0.003 -20"><span class='ocrx_word' id='word_1_112' title='bbox 36 2639 37 2642; x_wconf 14' lang='grc' dir='ltr'>η</span> <span class='ocrx_word' id='word_1_113' title='bbox 113 2591 230 2667; x_wconf 90' lang='lat' dir='ltr'>impulsi</span> <span class='ocrx_word' id='word_1_114' title='bbox 249 2592 412 2662; x_wconf 88' lang='lat' dir='ltr'>occasione,</span> <span class='ocrx_word' id='word_1_115' title='bbox 433 2594 482 2669; x_wconf 92' lang='lat' dir='ltr'>qui</span> <span class='ocrx_word' id='word_1_116' title='bbox 501 2593 559 2650; x_wconf 83' lang='lat' dir='ltr'>iam</span> <span class='ocrx_word' id='word_1_117' title='bbox 579 2601 645 2650; x_wconf 88' lang='lat' dir='ltr'>ante</span> <span class='ocrx_word' id='word_1_118' title='bbox 667 2611 698 2652; x_wconf 90' lang='lat' dir='ltr'>se</span> <span class='ocrx_word' id='word_1_119' title='bbox 719 2593 818 2669; x_wconf 91' lang='lat' dir='ltr'>populi</span> <span class='ocrx_word' id='word_1_120' title='bbox 838 2592 965 2650; x_wconf 87' lang='lat' dir='ltr'>Romani</span> <span class='ocrx_word' id='word_1_121' title='bbox 985 2593 1107 2669; x_wconf 87' lang='lat' dir='ltr'>imperio</span> 
     </span>
    </p>

    <p class='ocr_par' dir='ltr' id='par_1_14' title="bbox 36 2687 1153 2767">
     <span class='ocr_line' id='line_1_17' title="bbox 36 2687 1153 2767; baseline 0.001 -18"><span class='ocrx_word' id='word_1_122' title='bbox 36 2687 37 2736; x_wconf 64' lang='lat' dir='ltr'>l</span> <span class='ocrx_word' id='word_1_123' title='bbox 115 2689 261 2749; x_wconf 87' lang='lat' dir='ltr'>subiectos</span> <span class='ocrx_word' id='word_1_124' title='bbox 281 2689 418 2761; x_wconf 89' lang='lat' dir='ltr'>dolerent,</span> <span class='ocrx_word' id='word_1_125' title='bbox 433 2691 549 2748; x_wconf 88' lang='lat' dir='ltr'>liberius</span> <span class='ocrx_word' id='word_1_126' title='bbox 569 2701 656 2767; x_wconf 86' lang='lat' dir='ltr'>atque</span> <span class='ocrx_word' id='word_1_127' title='bbox 675 2692 813 2750; x_wconf 86' lang='lat' dir='ltr'>audacius</span> <span class='ocrx_word' id='word_1_128' title='bbox 835 2691 967 2750; x_wconf 90' lang='lat' dir='ltr'>debello</span> <span class='ocrx_word' id='word_1_129' title='bbox 987 2692 1153 2758; x_wconf 66' lang='lat' dir='ltr'>consiliam</span> 
     </span>
    </p>

    <p class='ocr_par' dir='ltr' id='par_1_15' title="bbox 115 2785 1107 2866">
     <span class='ocr_line' id='line_1_18' title="bbox 115 2785 1107 2866; baseline 0.004 -22"><span class='ocrx_word' id='word_1_130' title='bbox 115 2788 185 2844; x_wconf 90' lang='lat' dir='ltr'>inire</span> <span class='ocrx_word' id='word_1_131' title='bbox 200 2785 347 2860; x_wconf 88' lang='lat' dir='ltr'>incipiunt.</span> <span class='ocrx_word' id='word_1_132' title='bbox 390 2788 509 2847; x_wconf 90' lang='lat' dir='ltr'>Indictis</span> <span class='ocrx_word' id='word_1_133' title='bbox 531 2790 605 2847; x_wconf 89' lang='lat' dir='ltr'>inter</span> <span class='ocrx_word' id='word_1_134' title='bbox 626 2807 657 2847; x_wconf 93' lang='lat' dir='ltr'>se</span> <span class='ocrx_word' id='word_1_135' title='bbox 678 2789 823 2866; x_wconf 89' lang='lat' dir='ltr'>principes</span> <span class='ocrx_word' id='word_1_136' title='bbox 844 2787 955 2847; x_wconf 80' lang='lat' dir='ltr'>Galliae</span> <span class='ocrx_word' id='word_1_137' title='bbox 977 2790 1107 2848; x_wconf 87' lang='lat' dir='ltr'>conciliis</span> 
     </span>
    </p>

    <p class='ocr_par' dir='ltr' id='par_1_16' title="bbox 115 2884 1106 2963">
     <span class='ocr_line' id='line_1_19' title="bbox 115 2884 1106 2963; baseline 0.002 -19"><span class='ocrx_word' id='word_1_138' title='bbox 115 2884 288 2944; x_wconf 84' lang='lat' dir='ltr'>silvestribus</span> <span class='ocrx_word' id='word_1_139' title='bbox 310 2902 344 2942; x_wconf 89' lang='lat' dir='ltr'>ac</span> <span class='ocrx_word' id='word_1_140' title='bbox 367 2887 485 2944; x_wconf 89' lang='lat' dir='ltr'>remotis</span> <span class='ocrx_word' id='word_1_141' title='bbox 510 2887 582 2945; x_wconf 91' lang='lat' dir='ltr'>locis</span> <span class='ocrx_word' id='word_1_142' title='bbox 604 2897 762 2963; x_wconf 91' lang='lat' dir='ltr'>queruntur</span> <span class='ocrx_word' id='word_1_143' title='bbox 786 2888 823 2946; x_wconf 95' lang='lat' dir='ltr'>de</span> <span class='ocrx_word' id='word_1_144' title='bbox 843 2888 971 2947; x_wconf 90' lang='lat' dir='ltr'>Acconis</span> <span class='ocrx_word' id='word_1_145' title='bbox 996 2899 1106 2960; x_wconf 85' lang='lat' dir='ltr'>morte;</span> 
     </span>
    </p>

    <p class='ocr_par' dir='ltr' id='par_1_17' title="bbox 36 2983 1107 3061">
     <span class='ocr_line' id='line_1_20' title="bbox 36 2983 1107 3061; baseline 0.002 -18"><span class='ocrx_word' id='word_1_146' title='bbox 36 3043 38 3058; x_wconf 74' lang='grc'><strong>,</strong></span> <span class='ocrx_word' id='word_1_147' title='bbox 114 3001 201 3061; x_wconf 90' lang='lat' dir='ltr'>posse</span> <span class='ocrx_word' id='word_1_148' title='bbox 213 2983 292 3040; x_wconf 93' lang='lat' dir='ltr'>hunc</span> <span class='ocrx_word' id='word_1_149' title='bbox 303 3001 403 3042; x_wconf 88' lang='lat' dir='ltr'>casum</span> <span class='ocrx_word' id='word_1_150' title='bbox 417 2985 454 3043; x_wconf 89' lang='lat' dir='ltr'>ad</span> <span class='ocrx_word' id='word_1_151' title='bbox 468 2987 548 3060; x_wconf 90' lang='lat' dir='ltr'>ipsos</span> <span class='ocrx_word' id='word_1_152' title='bbox 562 2986 689 3044; x_wconf 90' lang='lat' dir='ltr'>recidere</span> <span class='ocrx_word' id='word_1_153' title='bbox 700 2986 916 3044; x_wconf 88' lang='lat' dir='ltr'>demonstrant:</span> <span class='ocrx_word' id='word_1_154' title='bbox 936 2988 1107 3046; x_wconf 85' lang='lat' dir='ltr'>miserantur</span> 
     </span>
    </p>

    <p class='ocr_par' dir='ltr' id='par_1_18' title="bbox 114 3081 1107 3162">
     <span class='ocr_line' id='line_1_21' title="bbox 114 3081 1107 3162; baseline 0.002 -22"><span class='ocrx_word' id='word_1_155' title='bbox 114 3099 299 3140; x_wconf 90' lang='lat' dir='ltr'>communem</span> <span class='ocrx_word' id='word_1_156' title='bbox 334 3081 444 3140; x_wconf 88' lang='lat' dir='ltr'>Galliae</span> <span class='ocrx_word' id='word_1_157' title='bbox 479 3083 640 3142; x_wconf 85' lang='lat' dir='ltr'>fortunam:</span> <span class='ocrx_word' id='word_1_158' title='bbox 684 3086 819 3144; x_wconf 90' lang='lat' dir='ltr'>omnibus</span> <span class='ocrx_word' id='word_1_159' title='bbox 854 3085 1107 3162; x_wconf 90' lang='lat' dir='ltr'>pollicitationibus</span> 
     </span>
    </p>

    <p class='ocr_par' dir='ltr' id='par_1_19' title="bbox 114 3180 1150 3262">
     <span class='ocr_line' id='line_1_22' title="bbox 114 3180 1150 3262; baseline 0 -22"><span class='ocrx_word' id='word_1_160' title='bbox 114 3201 147 3240; x_wconf 86' lang='lat' dir='ltr'>ae</span> <span class='ocrx_word' id='word_1_161' title='bbox 165 3180 300 3257; x_wconf 88' lang='lat' dir='ltr'>praemiis</span> <span class='ocrx_word' id='word_1_162' title='bbox 318 3180 488 3256; x_wconf 89' lang='lat' dir='ltr'>deposcunt,</span> <span class='ocrx_word' id='word_1_163' title='bbox 504 3183 552 3258; x_wconf 91' lang='lat' dir='ltr'>qui</span> <span class='ocrx_word' id='word_1_164' title='bbox 570 3183 637 3240; x_wconf 93' lang='lat' dir='ltr'>belli</span> <span class='ocrx_word' id='word_1_165' title='bbox 654 3183 765 3241; x_wconf 88' lang='lat' dir='ltr'>initium</span> <span class='ocrx_word' id='word_1_166' title='bbox 779 3183 887 3242; x_wconf 82' lang='lat' dir='ltr'>faciant</span> <span class='ocrx_word' id='word_1_167' title='bbox 901 3194 929 3242; x_wconf 90' lang='lat' dir='ltr'>et</span> <span class='ocrx_word' id='word_1_168' title='bbox 947 3184 991 3243; x_wconf 89' lang='lat' dir='ltr'>sui</span> <span class='ocrx_word' id='word_1_169' title='bbox 1005 3182 1107 3257; x_wconf 86' lang='lat' dir='ltr'>eapitis</span> <span class='ocrx_word' id='word_1_170' title='bbox 1123 3212 1150 3262; x_wconf 82' lang='lat'>¹5</span> 
     </span>
    </p>

    <p class='ocr_par' dir='ltr' id='par_1_20' title="bbox 36 3277 1107 3358">
     <span class='ocr_line' id='line_1_23' title="bbox 36 3277 1107 3358; baseline 0.001 -21"><span class='ocrx_word' id='word_1_171' title='bbox 36 3291 37 3298; x_wconf 75' lang='grc'>’</span> <span class='ocrx_word' id='word_1_172' title='bbox 114 3277 240 3356; x_wconf 86' lang='lat' dir='ltr'>periculo</span> <span class='ocrx_word' id='word_1_173' title='bbox 257 3277 380 3336; x_wconf 81' lang='lat' dir='ltr'>Galliam</span> <span class='ocrx_word' id='word_1_174' title='bbox 394 3279 424 3335; x_wconf 92' lang='lat' dir='ltr'>in</span> <span class='ocrx_word' id='word_1_175' title='bbox 437 3279 596 3338; x_wconf 89' lang='lat' dir='ltr'>libertatem</span> <span class='ocrx_word' id='word_1_176' title='bbox 610 3282 764 3340; x_wconf 90' lang='lat' dir='ltr'>vindicent.</span> <span class='ocrx_word' id='word_1_177' title='bbox 806 3281 951 3358; x_wconf 90' lang='lat' dir='ltr'>Imprimis</span> <span class='ocrx_word' id='word_1_178' title='bbox 965 3283 1107 3341; x_wconf 88' lang='lat' dir='ltr'>rationem</span> 
     </span>
    </p>

    <p class='ocr_par' dir='ltr' id='par_1_21' title="bbox 115 3375 1107 3456">
     <span class='ocr_line' id='line_1_24' title="bbox 115 3375 1107 3456; baseline 0.003 -21"><span class='ocrx_word' id='word_1_179' title='bbox 115 3395 177 3436; x_wconf 90' lang='lat' dir='ltr'>esse</span> <span class='ocrx_word' id='word_1_180' title='bbox 194 3375 358 3435; x_wconf 89' lang='lat' dir='ltr'>habendam</span> <span class='ocrx_word' id='word_1_181' title='bbox 377 3375 484 3447; x_wconf 93' lang='lat' dir='ltr'>dicunt,</span> <span class='ocrx_word' id='word_1_182' title='bbox 499 3379 667 3456; x_wconf 87' lang='lat' dir='ltr'>priusquam</span> <span class='ocrx_word' id='word_1_183' title='bbox 681 3398 782 3438; x_wconf 89' lang='lat' dir='ltr'>eorum</span> <span class='ocrx_word' id='word_1_184' title='bbox 796 3381 974 3440; x_wconf 89' lang='lat' dir='ltr'>clandestina</span> <span class='ocrx_word' id='word_1_185' title='bbox 987 3379 1107 3438; x_wconf 81' lang='lat' dir='ltr'>consilia</span> 
     </span>
    </p>

    <p class='ocr_par' dir='ltr' id='par_1_22' title="bbox 114 3473 1106 3554">
     <span class='ocr_line' id='line_1_25' title="bbox 114 3473 1106 3554; baseline 0.002 -18"><span class='ocrx_word' id='word_1_186' title='bbox 114 3475 276 3548; x_wconf 89' lang='lat' dir='ltr'>efferantur,</span> <span class='ocrx_word' id='word_1_187' title='bbox 304 3485 335 3535; x_wconf 90' lang='lat' dir='ltr'>ut</span> <span class='ocrx_word' id='word_1_188' title='bbox 364 3473 472 3533; x_wconf 84' lang='lat' dir='ltr'>Caesar</span> <span class='ocrx_word' id='word_1_189' title='bbox 504 3477 541 3534; x_wconf 90' lang='lat' dir='ltr'>ab</span> <span class='ocrx_word' id='word_1_190' title='bbox 569 3479 696 3539; x_wconf 86' lang='lat' dir='ltr'>exercitu</span> <span class='ocrx_word' id='word_1_191' title='bbox 715 3478 937 3538; x_wconf 86' lang='lat' dir='ltr'>intercludatur.</span> <span class='ocrx_word' id='word_1_192' title='bbox 980 3479 1016 3548; x_wconf 86' lang='lat' dir='ltr'>Id</span> <span class='ocrx_word' id='word_1_193' title='bbox 1043 3497 1106 3554; x_wconf 80' lang='lat' dir='ltr'>esse</span> 
     </span>
    </p>
   </div>
   <div class='ocr_carea' id='block_1_7' title="bbox 0 0 1336 3918">
    <p class='ocr_par' dir='ltr' id='par_1_23' title="bbox 0 0 1336 3918">
     <span class='ocr_line' id='line_1_26' title="bbox 0 0 1336 3918; baseline 0 0"><span class='ocrx_word' id='word_1_194' title='bbox 0 0 1336 3918; x_wconf 95' lang='lat' dir='ltr'> </span> 
     </span>
    </p>
   </div>
  </div>
 </body>
</html>
