2650 3918
132 185 273 272 23-26.
312 177 313 180 ’
376 201 422 248 na
443 201 554 249 narro
577 201 729 250 sxrrrco
751 200 863 251 comm.
887 201 937 252 ιν.
1088 205 1127 272 77

131 351 281 428 oppressis
306 351 391 412 simul
415 362 444 412 et
464 353 502 412 de
529 353 651 411 navibus
679 351 870 412 desiliendum
885 361 923 412 'et
943 354 974 412 in
994 353 1128 416 fluctibus

131 451 354 510 consistendum
373 461 401 510 et
419 469 487 510 cum
500 450 632 510 hostibus
646 460 706 510 erat
724 452 925 527 pugnandum,
939 471 1007 511 cum
1025 454 1065 512 illi
1080 465 1129 514 aut

131 567 169 610 ex
184 550 267 610 arido
286 559 336 609 aut
353 550 472 626 paulum
493 551 524 608 in
545 567 652 626 aquam
671 551 817 626 progressi
835 552 971 610 omnibus
989 555 1128 614 membris

131 649 285 725 expeditis,
299 649 458 708 notissimis
473 649 546 707 locis
568 648 704 707 audacter
724 648 781 708 tela
800 650 965 708 conicerent
984 661 1013 709 et
1035 670 1128 728 equos

131 747 311 808 insuefactos
328 747 487 807 incitarent.
529 745 643 818 Quibus
664 748 750 805 rebus
772 748 862 806 nostri
878 749 1018 824 perterriti
1041 761 1155 829 atque5

55 867 58 870 ·
133 846 219 906 huius
231 846 352 906 omnino
363 847 479 922 generis
490 863 607 922 pugnae
616 845 740 921 imperiti
752 863 813 904 non
822 845 925 904 eadem
934 847 1078 907 alacritate
1092 868 1128 909 ac

133 945 240 1016 studio,
255 962 315 1021 quo
334 945 364 1002 in
378 944 559 1021 pedestribus
573 944 614 1002 uti
633 943 748 1020 proeliis
768 954 950 1018 consuerant,
965 949 1126 1010 utebantur.

133 1049 187 1104 25.
210 1043 302 1116 Quod
315 1043 365 1110 ubi
380 1042 487 1102 Caesar
506 1041 713 1108 animadvertit,
728 1060 816 1101 naves
836 1042 949 1120 longas,
963 1063 1086 1120 quarum
1099 1059 1128 1106 et

133 1143 248 1220 species
261 1153 321 1201 erat
334 1143 462 1201 barbaris
477 1141 638 1200 inusitatior
651 1150 680 1199 et
696 1151 795 1199 motus
808 1142 847 1200 ad
860 1160 946 1201 usum
959 1146 1128 1220 expeditior,

53 1315 57 1321 Ι
132 1242 254 1318 paulum
272 1240 413 1300 removeri
431 1241 468 1302 ab
483 1238 621 1298 on'erariis
637 1239 758 1297 navibus
779 1249 807 1298 et
821 1241 907 1300 remis
924 1242 1035 1302 incitari
1049 1254 1077 1303 et
1090 1246 1129 1306 ad
1146 1269 1175 1304 10

132 1341 208 1402 latus
228 1350 361 1418 apertum
380 1339 508 1398 hostium
528 1337 664 1397 constitui
685 1347 772 1415 atque
792 1339 861 1398 inde
882 1340 988 1412 lundis,
1009 1344 1129 1421 sagittis,

134 1440 287 1502 tormentis
314 1440 414 1497 hostes
446 1437 568 1514 propelli
595 1455 631 1495 ac
659 1437 824 1496 submoveri
851 1439 949 1513 iussit3
980 1459 1056 1518 quae
1084 1463 1131 1504 res

131 1557 245 1616 magno
259 1539 324 1597 usui
339 1537 445 1596 nostris
459 1536 519 1595 fuit.
561 1535 640 1595 Nam
657 1543 686 1593 et
699 1535 816 1594 navium
832 1535 924 1612 figura
937 1548 965 1597 et
984 1559 1131 1602 remorum

133 1649 218 1698 motu
238 1647 267 1696 et
280 1637 415 1695 inusitato
436 1653 544 1712 genere
560 1644 772 1694 tormentorum
788 1637 913 1711 permoti
933 1638 1045 1698 barbari
1059 1661 1131 1701 con-

134 1739 267 1797 stiterunt
288 1754 323 1794 ac
338 1735 457 1812 paulum
471 1734 561 1794 modo
581 1733 688 1809 pedem
708 1733 906 1792 retuleruntxt
915 1735 1011 1813 Atque
1026 1742 1132 1800 nostris
1147 1759 1176 1810 15

133 1837 274 1895 militibus
298 1833 509 1904 cunctantibus,
533 1833 660 1890 maxime
688 1842 806 1907 propter
833 1833 1012 1894 altitudinem
1035 1839 1132 1912 mariS,

134 1935 185 2011 qui
200 1934 332 1994 decimae
351 1931 475 2008 legionis
493 1930 618 2008 aquilam
634 1930 751 2002 serebat,
765 1938 942 1991 contestatus
956 1932 1038 2006 deos,
1053 1945 1084 1994 ut
1098 1956 1133 1997 ea

133 2051 181 2091 res
200 2031 310 2108 legioni
328 2029 447 2092 feliciter
466 2029 609 2087 eveniret:
631 2027 789 2099 ‘Desilitess
809 2029 909 2104 inquit,
930 2031 1058 2103 ‘milites
1077 2035 1133 2094 nisi

128 2101 201 2190 vul
205 2112 358 2210 saquilam
373 2129 505 2187 hostibus
519 2127 658 2205 prodere:
680 2144 736 2202 ego
752 2136 828 2185 certe
842 2145 942 2185 meum
959 2130 1133 2204 reipublicae

135 2240 223 2306 atque
238 2227 406 2304 imperatori
415 2226 543 2285 officium
556 2225 743 2300 praestitero!
779 2224 848 2284 Hoc
862 2244 930 2308 cum
940 2245 1012 2286 voce
1026 2247 1135 2306 magna
1149 2252 1180 2288 ao

135 2328 264 2397 dixisset,
288 2344 319 2384 se
341 2344 377 2382 ex
398 2325 463 2383 navi
486 2323 605 2400 proiecit
625 2332 712 2399 atque
734 2324 765 2381 in
765 2323 853 2430 “host
843 2333 885 2382 tes
910 2326 1036 2402 aquilam
1061 2328 1134 2388 ferre

135 2428 242 2502 coepit
285 2425 365 2482 Tum
386 2423 476 2481 nostri
497 2421 639 2481 cohortati
658 2393 757 2480 inter⁰
755 2441 795 2494 se,
805 2394 854 2482 he
874 2433 986 2483 tantum
1006 2426 1134 2488 dedecus

136 2525 343 2594 admitteretur,
366 2522 491 2580 universi
519 2539 556 2579 ex
584 2521 650 2579 navi
661 2520 862 2580 desiluerunt.
906 2522 972 2582 Hos
1000 2526 1070 2584 item
1098 2547 1135 2587 ex

136 2623 279 2700 proximis
301 2621 400 2698 pn'mis
423 2620 544 2678 navibus
565 2637 633 2677 cum
651 2620 880 2695 conspexissent,
900 2624 1046 2684 subsecuti
1066 2623 1134 2684 hos·
1219 2611 1221 2616 ¹

137 2723 214 2780 tibus
249 2720 527 2798 appropinquarunt.
583 2723 636 2777 26.
657 2717 822 2794 Pugnatum
857 2730 901 2778 est
935 2723 973 2779 ab
1005 2724 1134 2801 utrisque
1150 2757 1179 2807 25

136 2820 248 2878 acriter.
290 2816 391 2876 Nostri
414 2826 521 2887 tamen,
546 2815 627 2892 quod
648 2833 742 2892 neque
768 2817 884 2876 ordines
903 2837 1014 2880 servare
1039 2841 1136 2899 neque

137 2918 256 2976 firmiter
273 2916 404 2974 insistere
423 2933 518 2991 neque
538 2915 621 2990 signa
640 2915 777 2990 subsequi
796 2925 938 2992 poterant,
955 2929 1042 2995 atque
1063 2922 1135 2980 alius

138 3017 193 3075 aha
211 3034 248 3076 ex
268 3015 343 3086 navi,
358 3014 589 3089 quibuscumque
604 3013 694 3088 signis
708 3025 879 3086 occurrerat,
898 3033 930 3074 se
949 3021 1135 3095 aggregabat,

138 3131 318 3192 magnopere
332 3112 571 3188 perturbabantur
578 3130 587 3184 ;
604 3111 702 3169 hostes
717 3129 793 3183 vero,
804 3113 881 3171 notis
896 3116 1031 3174 omnibus
1045 3115 1134 3186 vadis,

139 3214 187 3273 ubi
210 3233 247 3272 ex
272 3213 355 3270 litore
383 3211 494 3286 aliquos
522 3209 682 3286 singulares
707 3181 743 3268 e(
760 3212 827 3268 navi
855 3213 1035 3288 egredientes
1063 3231 1134 3270 con·
1149 3241 1181 3291 30

140 3320 302 3388 spexerant,
335 3309 459 3368 incitatis
494 3309 575 3384 equis
608 3308 763 3384 impeditos
797 3309 1008 3380 adoriebantur,
1039 3310 1136 3385 plures

140 3427 250 3486 paucos
264 3407 523 3476 circumsistebant,
537 3405 583 3464 alii
597 3407 635 3464 ab
649 3406 737 3464 latere
750 3416 851 3482 aperto
869 3407 900 3464 in
917 3407 1066 3465 universos
1080 3410 1137 3468 tela

143 3509 333 3568 coniciebant.
376 3503 467 3576 Quod
499 3522 566 3563 cum
594 3503 841 3564 animadvertisset
869 3502 984 3576 Caesar,
1013 3506 1136 3583 scaphas

159 3655 208 3700 1⁷7
221 3631 289 3700 sss'll
