2630 3916
13 233 14 238 a
70 168 199 301 ΞΗ,
265 183 266 186 '
331 215 378 262 aa
398 211 509 262 arato
532 211 814 265 aarrrooooum
837 215 878 265 rr.
1053 213 1097 286 35

71 348 177 442 ³quqd
207 363 472 442 propinquitatibus
503 365 745 440 affinitatibusque
772 364 929 436 coniuncti,
948 374 1100 440 quantam-

71 445 76 468 *
94 463 218 540 quaque
236 463 452 522 murmurem
470 463 501 520 ur
519 464 668 522 communi
689 463 846 540 Belgarum
865 463 990 522 concino
1007 463 1045 522 au
1065 456 1096 522 ui

71 545 204 620 ibelluim
238 561 382 638 pollicitus
417 561 462 633 sit,
497 563 696 637 cognoverint.
738 561 898 621 Plurimum
934 562 1009 620 inter
1042 573 1096 627 eos

72 653 268 720 ·Bellovacos
296 669 325 719 et
352 659 455 718 virtue
482 669 511 718 et
538 661 706 720 auctoritate
734 663 763 719 et
790 660 944 719 hominum
971 673 1098 718 numero

93 759 206 817 valeret
227 758 283 817 hos
299 772 387 835 posse
405 759 549 818 conficere
568 769 679 818 armata
695 759 773 818 milia
790 769 928 830 eentum3
950 759 1123 836 pollicitosg

73 864 131 933 ¹{err
153 871 190 916 eo
212 871 336 916 nurnero
360 858 452 916 electa
476 859 636 934 sexaginta,
657 859 746 918 totius
770 858 838 918 belli
862 859 1016 934 imperium
1040 853 1102 916 sibi.

73 957 252 1034 rposmlare.
295 951 469 1016 Suessiones
490 969 559 1016 suos
579 959 804 1018 essefinitimos
814 977 822 1031 ;
845 957 919 1016 fines
939 956 1100 1015 latissimos
1202 963 1203 966 ’

74 1055 348 1132 =seracissimosque
368 1069 456 1132 agros
479 1056 640 1132 possidere.
682 1057 773 1133 Apud
801 1071 854 1115 eos
878 1055 967 1122 fuisse
994 1067 1095 1130 regern

94 1165 194 1214 nostra
212 1154 300 1213 etiam
321 1155 462 1213 memoria
482 1153 666 1226 Divitiacum,
686 1157 773 1214 totius
796 1153 907 1214 Galliae
928 1155 1094 1233 potentissi·
1119 1154 1124 1163 ‘

94 1268 186 1324 mum,
206 1253 342 1329 quicum
361 1266 487 1328 magnae
507 1255 597 1329 partis
618 1254 720 1312 barum
741 1253 905 1330 regionum,
925 1263 987 1312 turn
1007 1253 1095 1312 etiam
1110 1273 1140 1308 10

94 1351 262 1410 Britanniae
280 1351 434 1428 imperium
453 1352 626 1410 obtinuerit:
648 1365 727 1410 nunc
747 1365 811 1411 esse
832 1365 932 1428 regem
952 1351 1094 1412 Galbam:

76 1451 133 1510 =ad
153 1449 233 1507 hunc·
260 1459 380 1526 propter
406 1450 542 1508 iustitiam
570 1450 812 1527 prudentiamque
836 1463 982 1509 summam
1006 1453 1094 1512 totius

13 1581 14 1620 3
93 1549 163 1607 belli
183 1549 315 1606 omnium
333 1548 480 1606 uoluntate
500 1547 618 1621 deferrl;
641 1543 750 1626 oppida
768 1549 876 1608 habere
895 1561 1018 1609 numero
1037 1560 1093 1622 xrr,

13 1667 14 1696 1
77 1645 225 1724 'polliceri
248 1647 326 1705 milia
350 1656 461 1706 arinata
484 1647 711 1724 quinquaginta;
739 1648 861 1706 totidem
886 1639 1018 1720 Nervios,
1043 1651 1093 1726 qui

93 1746 221 1804 maxime
248 1739 301 1804 ieri
327 1747 402 1804 inter
428 1747 510 1822 ipsos
537 1746 698 1805 habeantur
724 1743 953 1822 longissimeque
980 1748 1160 1822 absint315·.

78 1843 261 1920 quindecim
280 1844 359 1903 milia
372 1845 536 1915 Atrebates,
551 1843 714 1904 Ambianos
733 1845 836 1904 decem
855 1843 942 1916 milia,
957 1844 1093 1904 Morinos

13 1947 14 1984 l
94 1961 152 2000 xxv
173 1943 261 2014 milla,
283 1942 439 2020 Menapios
457 1954 502 1999 t11
521 1943 608 2014 milia,
629 1942 746 2002 Caletos
765 1963 784 2002 x
803 1943 890 2014 milia,
901 1937 1094 2003 ‘Veliocasses

13 2069 14 2072 ¹
79 2039 127 2102 et
137 2041 358 2100 Viromanduos
374 2035 506 2114 totidem,
521 2041 692 2100 Aduatucos
711 2040 815 2100 decem
829 2050 858 2100 et
871 2053 978 2099 novem
991 2039 1070 2099 milia
1082 2061 1091 2113 ;
1148 2111 1150 2114 ¹

95 2135 276 2211 Condrusos‚
288 2139 451 2213 Eburones
464 2139 636 2212 Caeroesos
647 2140 820 2210 Paemanos‚
835 2139 958 2215 quirino
972 2139 1101 2198 nomine

96 2233 235 2296 Genuani
249 2233 440 2315 appellantur,
454 2238 584 2298 arbitrari
599 2251 639 2294 xa
653 2239 692 2298 ad
705 2237 793 2296 milla.
1108 2259 1138 2294 20

135 2343 166 2395 ὅ.
187 2335 297 2398 Caesar
312 2331 424 2395 Remos
438 2336 607 2396 cohortatus
621 2335 830 2412 liberaliterque
845 2336 976 2396 oratione
990 2347 1092 2413 prose-

83 2430 178 2494 'cutus
192 2449 313 2494 omnem
327 2441 461 2494 senatum
476 2435 514 2494 ad
532 2423 563 2494 se
578 2435 733 2494 convenire
747 2435 969 2512 principumque
986 2434 1093 2495 llberos

82 2529 213 2618 ¹obsides
234 2534 272 2592 ad
293 2549 325 2592 se
346 2534 452 2592 adduci
473 2534 563 2593 iussit.
607 2533 691 2606 Quae
709 2534 809 2592 omnia
826 2534 864 2592 ab
880 2533 926 2592 his
942 2524 1094 2610 diligenter

92 2627 131 2690 ad
153 2631 234 2690 diem
254 2626 330 2690 iacta
352 2641 427 2692 sunt.
469 2633 538 2708 Ipse
558 2627 734 2692 Divitiacum
754 2632 891 2690 Aeduunt
912 2645 1092 2710 magnopere

92 2729 263 2788 cohortatus
284 2730 376 2804 docet,
399 2741 508 2808 quanto
533 2749 622 2808 opere
646 2732 686 2790 rei
711 2732 846 2809 publicae
870 2733 1091 2808 communisque
1107 2749 1136 2800 25

91 2828 194 2888 salutis
228 2828 338 2888 intersit
369 2842 474 2888 manus
508 2829 637 2888 hostium
672 2824 809 2901 dissaert,
840 2847 879 2888 ue
910 2841 978 2898 cum
1011 2839 1093 2889 tanta

90 2926 275 2985 multitudine
296 2939 357 2987 uno
378 2939 511 3005 tempore
532 2928 752 3004 confligendum
772 2927 816 2986 sit.
858 2927 894 2986 Id
913 2928 975 2986 fieri
993 2919 1092 3006 posse,

91 3025 116 3084 si
141 3039 211 3084 suas
236 3021 338 3102 copias
361 3027 460 3086 Aedui
481 3028 512 3084 in
538 3027 611 3086 fines
636 3027 857 3086 Bellovacorum
880 3027 1092 3086 introduxerint

91 3133 120 3182 et
141 3137 245 3182 eorum
266 3137 354 3200 agros
374 3125 508 3202 populari
529 3125 687 3201 coeperint.
729 3118 787 3184 His
806 3125 951 3184 mandatis
967 3137 1035 3186 eum
1053 3127 1090 3183 ab

83 3239 123 3305 ¹se
144 3223 270 3282 dimittit.
312 3217 473 3301 Postquam
497 3237 602 3283 omncs
629 3223 786 3300 Belgarum
814 3225 913 3301 copias
941 3225 971 3283 in
998 3237 1089 3283 unum
1104 3233 1142 3292 36

89 3321 190 3381 locam
212 3332 330 3382 coactas
350 3323 388 3381 ad
412 3337 445 3382 se
469 3324 565 3381 tenire
580 3322 650 3380 vidit
672 3335 769 3400 neque
793 3323 851 3381 lam
874 3323 963 3399 longe
987 3325 1089 3382 abesse

89 3421 194 3492 abiis,
216 3435 292 3498 quos
312 3423 439 3494 miserat,
460 3415 691 3498 exploratoribus
712 3431 741 3480 ee
760 3422 798 3480 ab
822 3419 924 3479 Remis
944 3421 1097 3498 cognorim

88 3520 202 3588 flumen
227 3521 375 3612 Axonam,
400 3521 483 3598 quod
507 3529 550 3582 est
574 3519 604 3578 in
629 3520 765 3579 extremis
790 3519 952 3578 Remorum
975 3519 1090 3592 linibus,

563 3634 616 3678 ua
