2630 3916
119 187 267 280 10-13.⁴
371 207 418 260 rr
439 207 549 258 anano
573 205 727 260 armico
749 207 859 265 ooMM·
883 209 923 258 H·
1076 213 1117 282 ³9

117 375 258 435 magnam
278 357 494 419 multitudinem
514 376 617 422 eorum
637 358 1029 434 itrgientiumssconeidenmt,
1050 377 1118 422 cum

117 458 155 514 ab
188 467 319 516 extremo
351 457 477 533 agmine,
506 458 545 517 ad
575 474 651 533 quos
677 466 797 521 ventum
828 468 897 530 erat,
926 460 1118 532 consisterent

118 555 285 630 fortiterque
304 555 447 632 impeturn
465 564 632 616 nostrorum
651 555 775 618 militum
795 557 978 630 sustinerent,
997 559 1118 634 priores,

118 654 200 730 quod
226 655 329 714 abesse
354 673 372 714 a
396 653 525 732 periendo
549 652 713 715 viderentur
740 673 836 732 neque
862 655 922 724 ulla
946 657 1119 726 necessitate

117 761 215 828 neque
239 753 362 829 imperio
386 753 611 823 continerentur,
633 753 770 812 exaudito
795 754 922 815 clamore
946 755 1147 832 perturbatiss

117 850 269 916 ordinibus
282 869 387 909 onmes
403 850 434 917 in
448 851 519 925 fuga
535 850 589 910 sibi
605 850 782 927 praesidium
796 862 946 927 ponerent
988 852 1034 912 Ita
1055 853 1118 922 sine

116 947 177 1007 ullo
191 949 321 1024 periculo
332 958 444 1008 tantam
457 961 560 1010 eorum
574 949 788 1012 multitudinem
799 951 890 1010 nostri
904 950 1116 1022 interfecerunt,

117 1057 260 1124 quantum
273 1047 326 1106 fuit
345 1048 401 1106 diei
420 1047 555 1124 spatium,
571 1049 625 1106 sub
641 1065 837 1125 occasumque
857 1049 927 1111 solis
947 1049 1119 1118 destiterunt

116 1163 207 1221 seque
221 1145 252 1204 in
266 1153 368 1217 castra,
382 1155 414 1206 ut
428 1155 489 1204 erat
502 1145 685 1221 imperatum,
699 1156 879 1223 receperunt.

138 1249 204 1302 aa.
226 1242 368 1306 Postridie
393 1244 455 1305 eius
480 1243 538 1305 diei
564 1242 681 1316 Caesar,
707 1245 876 1321 priusquam
901 1265 932 1305 se
956 1237 1061 1306 hostes
1080 1264 1117 1314 ex
1134 1267 1164 1302 10

115 1349 224 1402 terrore
244 1361 278 1400 ac
297 1341 367 1419 fuga
384 1343 554 1419 reciperent,
569 1343 600 1399 in
616 1341 690 1402 fines
710 1341 909 1416 Suessionum,
923 1345 973 1420 qui
992 1343 1118 1420 proximi

115 1440 219 1500 Remis
239 1451 328 1514 erant,
343 1441 510 1504 exercitum
520 1439 601 1500 duxit
615 1451 644 1500 et
657 1460 766 1518 magno
783 1441 885 1510 itinere
901 1441 1062 1516 [coniecto]
1078 1441 1118 1502 ad

115 1540 260 1618 oppidum
278 1539 489 1601 Noviodunum
506 1540 666 1600 contendit.
708 1539 745 1599 Id
766 1558 802 1598 ex
823 1541 923 1600 itinere
944 1559 1124 1630 oppugnare*

115 1648 247 1710 conatus,
259 1639 340 1714 quod
353 1657 478 1700 vacuum
491 1639 529 1696 ab
544 1637 746 1698 defensoribus
761 1657 825 1698 esse
840 1640 983 1711 audiebat,
998 1647 1118 1716 propter

113 1737 297 1798 latitudinem
311 1737 407 1796 fossae
421 1738 555 1814 murique
574 1736 755 1796 altitudinem
773 1737 875 1814 paucis
895 1736 1117 1797 defendentibus
1135 1755 1163 1806 15

113 1855 285 1914 expugnare
295 1854 357 1895 non
371 1837 474 1911 potuit.
516 1835 626 1898 Castris
637 1837 757 1896 munitis
770 1835 868 1896 vineas
883 1855 970 1914 agere
984 1855 1118 1914 quaeque

113 1936 153 1996 ad
181 1933 416 2012 oppugnandum
442 1934 508 1996 usui
540 1943 622 1992 erant
649 1951 820 2011 comparare
848 1935 954 2010 coepit.
996 1934 1118 2007 Interim

113 2033 212 2094 omnis
234 2051 271 2092 ex
289 2033 359 2109 fuga
381 2032 573 2090 Suessionum
594 2031 748 2091 multitudo
768 2033 799 2090 in
819 2032 963 2108 oppidum
983 2015 1143 2110 proxima

113 2143 202 2194 nocte
226 2131 371 2190 convenit.
413 2129 552 2189 Celeriter
572 2130 663 2190 vineis
684 2130 722 2189 ad
743 2131 886 2206 oppidum
907 2130 987 2200 actis,
1010 2147 1116 2206 aggere

113 2233 190 2292 iacto
225 2230 409 2305 turribusque
443 2227 606 2288 constitutis
640 2228 843 2306 magnitudine
877 2245 1009 2304 operum,
1041 2246 1117 2304 quae
1132 2251 1165 2286 ao

113 2347 211 2407 neque
239 2327 370 2387 viderant
398 2338 464 2387 ante
494 2325 571 2392 Galli
598 2344 694 2402 neque
725 2326 884 2398 audierant,
907 2336 942 2386 ‘et
973 2327 1117 2386 celeritate

114 2428 321 2489 Romanorum
348 2426 473 2503 permoti
504 2425 619 2502 legatos
646 2425 684 2484 ad
711 2424 869 2484 Caesarem
901 2425 937 2496 de
970 2426 1117 2486 deditione

114 2528 234 2608 mittunt
255 2535 292 2598 et,
314 2526 479 2602 petentibus
501 2525 612 2596 Remis,
633 2533 665 2582 ut
686 2533 932 2596 conservarentur,
954 2525 1118 2602 impetrant.

38 2617 95 2679 s>
113 2633 160 2690 13.
185 2625 295 2684 Caesar
319 2624 469 2682 obsidibus
494 2622 620 2698 acceptis
645 2623 745 2699 primis
769 2623 890 2682 civitatis
917 2633 1005 2700 atque
1028 2624 1119 2700 ipsius

114 2725 232 2792 Galbae
242 2723 318 2800 regis
333 2723 449 2782 duobus
460 2722 524 2782 filiis
535 2723 680 2797 annisque
691 2723 829 2781 omnibus
839 2741 876 2781 ex
887 2723 999 2800 oppido
1010 2723 1120 2784 traditis
1137 2746 1165 2796 ²5

113 2827 145 2886 iu
161 2824 341 2885 deditionem
357 2822 529 2885 Suessiones
543 2821 656 2896 accepit
674 2820 891 2898 exercitumque
904 2822 935 2879 in
950 2820 1120 2882 Bellovacos

10 2965 16 2998 .,
113 2923 203 2987 ducit.
246 2922 305 2995 Qui
320 2941 388 2981 cum
403 2939 434 2981 se
450 2939 560 2997 suaque
572 2919 672 2978 omnia
686 2919 717 2976 in
728 2919 871 2995 oppidum
883 2919 1120 2996 Bratuspantium

112 3023 316 3094 eontulissent,
332 3031 419 3098 atque
434 3021 471 3079 ab
486 3038 522 3080 eo
537 3019 648 3095 oppido
660 3017 770 3078 Caesar
784 3037 852 3076 curn
866 3019 995 3078 exercitu
1010 3020 1120 3080 circiter

113 3123 194 3182 milia
221 3138 363 3198 passuum
390 3120 520 3196 quinque
548 3119 673 3189 abesset,
697 3135 801 3182 omnes
830 3117 956 3177 maiores
983 3127 1055 3176 natu
1082 3135 1119 3176 ex

114 3221 228 3298 oppido
249 3219 361 3296 egressi
383 3235 488 3276 manus
510 3216 549 3278 ad
569 3215 726 3276 Caesarem
747 3214 866 3274 tendere
886 3225 917 3273 et
936 3233 1009 3273 voce
1031 3213 1119 3290 signi·
1133 3232 1166 3280 30

114 3321 202 3380 ficare
228 3327 397 3393 coeperunt,
420 3334 484 3376 sese
509 3315 625 3377 ineius
650 3313 738 3374 fidem
764 3331 799 3372 ac
823 3322 998 3389 potestatem
1022 3311 1120 3377 venire

114 3433 212 3494 neque
229 3426 333 3476 contra
351 3413 494 3492 populum
513 3413 683 3472 Romanurn
702 3413 790 3472 armis
807 3411 993 3471 contendere.
1034 3409 1119 3468 Item,

115 3536 183 3578 cum
208 3515 248 3580 sd
272 3515 417 3592 oppidum
442 3512 612 3578 accessisset
637 3508 789 3586 castraque
817 3508 858 3568 ibi
884 3519 1015 3585 poneret,
1038 3509 1120 3587 puen'
