2686 3910
221 185 281 270 196
471 246 473 250 .
513 221 517 230 ,
626 205 661 254 a.
685 206 805 254 ararit
1076 257 1079 266 ,
1117 205 1217 268 sur,

126 349 128 354 ’
218 352 383 412 Lemonum
411 354 492 414 redit·
534 363 589 417 27:
606 357 720 416 Eodem
748 369 880 434 tempore
907 355 940 415 C.
967 355 1074 414 Fabius
1102 353 1218 430 legatus

217 452 383 528 complures
409 454 536 513 civitates
563 456 594 514 in
619 457 707 514 fidem
734 457 843 534 recipit,
867 456 1019 515 obsidibus
1047 454 1141 511 drmat
1169 453 1217 510 lit-

216 550 343 626 terisque
369 550 425 610 Gai
448 551 552 611 Canini
581 553 677 613 Rebili
699 555 730 612 tit
752 557 863 626 certior,
886 573 960 631 quae
979 555 1020 611 in
1043 551 1215 610 Pictonibus

215 660 360 724 gerantur.
404 650 518 722 Quibus
543 654 629 711 rebus
651 655 774 728 cognitis
798 653 988 736 profi9iscitur
1012 650 1050 709 ad
1075 649 1215 708 auxilium

188 747 338 807 5Durati0
366 749 526 808 ferendum.
567 751 608 808 At
635 750 806 809 Dumnacus
834 751 959 810 adventu
986 748 1069 807 Fabii
1093 747 1216 822 cognito

216 846 368 923 desperata
388 847 488 918 salute,
506 849 529 906 si
545 859 678 925 tempore
698 850 803 908 eodem
821 859 938 907 coactus
957 857 1034 907 esset
1053 855 1081 904 et
1101 845 1215 903 Roma·

215 962 287 1003 num
315 955 466 1004 externum
498 948 639 1006 sustinere
670 948 784 1006 hostem
813 956 842 1004 et
872 947 1014 1022 respicere
1042 963 1077 1004 ac
1109 944 1213 1002 timere

215 1043 389 1118 oppidanos,
412 1055 530 1119 repente
552 1063 588 1102 ex
613 1063 649 1104 eo
674 1047 741 1104 loco
763 1064 830 1104 cum
852 1045 944 1121 copiis
970 1046 1154 1104 receditnee
1179 1060 1211 1100 se

216 1143 284 1200 satis
308 1152 402 1202 tutum
427 1143 488 1203 fore
514 1145 674 1216 arbitratur,
696 1147 750 1203 nisi
772 1145 903 1206 flumine.
916 1145 1022 1220 Ligeri,
1046 1145 1127 1222 quod
1151 1153 1212 1202 erat

171 1257 201 1304 10
215 1251 305 1316 ponte
343 1254 462 1318 propter
497 1244 727 1320 magnitudinem
766 1244 983 1314 transeundum,
1002 1243 1119 1320 ’copias
1154 1252 1211 1299 tra-

216 1339 352 1398 duxisset.
406 1341 522 1411 Fabius,
554 1343 607 1400 etsi
643 1343 776 1401 nondum
811 1342 841 1398 in
869 1353 1060 1418 conspectum
1093 1351 1212 1399 venerat
1273 1363 1277 1370 ·

215 1437 346 1497 hostibus
373 1458 469 1517 neque
492 1459 523 1498 se
549 1440 674 1499 Caninio
699 1441 897 1510 coniunxerat,
922 1451 1020 1498 tamen
1045 1440 1148 1499 doetus
1173 1440 1212 1496 ab

214 1537 258 1607 iis,
286 1539 336 1613 qui
367 1538 499 1597 locorum
531 1551 671 1604 noverant
702 1551 843 1608 naturam,
875 1539 1058 1615 potissimum
1090 1537 1212 1596 credidit

214 1634 314 1694 hostes
341 1637 507 1711 perterritos
535 1655 603 1694 eum
635 1638 741 1707 locum,
771 1655 858 1712 quem
887 1637 1030 1712 petebant,
1061 1637 1210 1711 petituros.

169 1747 199 1795 15
215 1733 317 1810 Itaque
345 1753 412 1794 curn
437 1738 529 1812 copiis
555 1727 595 1795 ¹ad
624 1737 748 1794 eundem
778 1745 898 1812 pontem
924 1736 1072 1794 contendit
1101 1736 1210 1811 equita-

214 1844 334 1910 tumque
358 1845 470 1894 tantum
496 1836 654 1911 procedere
679 1845 746 1893 ante
772 1853 878 1910 agmen
903 1836 1026 1909 imperat
1050 1834 1209 1909 legionum,

143 1946 147 1954 ·
211 1943 355 2008 quantum
380 1951 447 1992 cum
471 1935 668 2010 processisset,
694 1935 757 1992 sine
782 1933 988 2007 defetigatione
1011 1951 1154 2008 equorum
1178 1933 1209 1990 in

211 2031 316 2088 eadem
345 2049 376 2090 se
405 2033 545 2108 reciperet
574 2041 675 2092 castra.
718 2030 945 2106 Consequuntur
970 2031 1081 2107 equites
1109 2031 1209 2100 nostri,

213 2139 244 2188 ut
272 2139 332 2188 erat
359 2139 556 2207 praeceptum,
582 2129 778 2205 invaduntque
805 2128 952 2186 Dumnaci
980 2146 1087 2203 agmen
1111 2139 1140 2186 et
1164 2128 1210 2186 su·

169 2240 199 2274 ²0
213 2228 325 2303 gientes
363 2230 586 2304 perterritosque
621 2229 675 2286 sub
710 2227 830 2286 sarcinis
867 2227 897 2284 in
939 2227 1039 2286 itinere
1079 2229 1210 2302 aggressi

213 2343 321 2401 magna
348 2327 457 2402 praeda
484 2327 580 2385 multis
608 2326 764 2385 interfectis
792 2326 949 2400 potiuntur.
991 2325 1036 2382 Ita
1067 2343 1097 2382 re
1133 2326 1208 2382 bene

212 2433 296 2498 gesta
316 2442 347 2482 se
369 2425 510 2500 recipiunt
530 2426 560 2482 in
581 2436 682 2484 castra.
725 2431 777 2483 28.
800 2423 968 2498 Insequenti
990 2432 1077 2482 nocte
1101 2423 1208 2480 Fabius

212 2521 325 2595 equites
349 2523 504 2597 praemittit
529 2523 570 2581 sic
594 2535 719 2599 paratos,
742 2533 773 2580 ut
795 2522 985 2598 confligerent
1010 2532 1096 2598 atque
1118 2538 1208 2580 omne

210 2637 320 2694 agmen
340 2632 529 2692 morarentur,
551 2621 621 2678 dum
643 2631 867 2696 consequeretur
891 2621 963 2696 ipse.
1005 2620 1096 2680 Cuius
1125 2639 1208 2696 prae·

167 2729 196 2780 ²⁵
213 2718 304 2794 ceptis
333 2729 364 2777 ut
392 2739 437 2778 res
466 2731 618 2796 gereretur,
647 2719 775 2790 Quintus
802 2719 886 2778 Atius
915 2717 1018 2789 Varus,
1044 2718 1208 2795 praefectus

211 2817 351 2892 equitum,
366 2815 517 2894 singularis
535 2827 563 2876 et
583 2819 670 2876 animi
690 2829 718 2876 et
738 2816 907 2893 prudentiae
927 2817 975 2888 vir,
991 2835 1060 2876 suos
1079 2816 1209 2876 hortatur

212 2933 377 2993 agmenque
398 2917 525 2977 hostium
547 2927 722 2976 consecutus
743 2926 851 2974 turmas
873 2916 977 2992 partim
998 2917 1112 2975 idoneis
1134 2916 1209 2974 locis

208 3015 349 3091 disponit,
385 3019 490 3092 partim
522 3017 652 3092 equitum
683 3013 826 3091 proelium
862 3015 1023 3074 committit.
1066 3013 1207 3090 Confligit

212 3113 350 3172 audacius
378 3115 521 3190 equitatus
553 3115 680 3173 hostium
708 3113 929 3172 succedentibus
958 3113 1013 3171 sibi
1043 3113 1207 3189 peditibus;

118 3287 122 3293 Ι
166 3219 198 3271 30
213 3211 261 3287 qui
283 3221 345 3270 toto
367 3214 482 3288 agmine
508 3214 696 3272 subsistentes
717 3201 859 3288 equitibus
884 3214 944 3271 suis
964 3221 1065 3271 contra
1089 3222 1209 3270 nostros

209 3308 307 3368 ,ferunt
338 3310 483 3370 auxilium.
525 3311 571 3369 Fit
602 3311 744 3386 proelium
775 3311 834 3368 acri
862 3311 1026 3370 certamine.
1069 3309 1207 3386 Namque

157 3413 158 3416 ’
213 3409 303 3468 nostri
328 3411 502 3485 contemptis
529 3410 620 3486 pridie
648 3409 790 3484 superatis
812 3408 952 3480 hostibus,
977 3427 1043 3468 cum
1069 3410 1208 3485 subsequi

213 3502 342 3578 legiones
364 3510 571 3580 meminissent,
593 3518 622 3567 et
646 3508 759 3584 pudore
780 3508 903 3566 cedendi
927 3517 955 3566 et
975 3507 1132 3583 cupiditate
1154 3527 1207 3584 per

214 3617 246 3660 se
267 3604 437 3665 conficiendi
462 3608 562 3684 proelii
583 3607 738 3667 fortissime
759 3616 860 3666 contra
883 3606 994 3682 pedites
1019 3606 1206 3682 proeliantur,
