2650 3918
199 171 259 238 130
401 227 403 232 ι
523 167 552 218 c.
575 166 667 214 roan
689 164 860 214 orossius
1060 219 1064 227 .
1144 165 1191 209 vr.

195 328 298 378 evocat
319 336 371 394 spe
392 317 516 396 praedae
538 317 575 376 ad
600 316 777 394 diripiendos
801 315 962 386 Eburones,
984 323 1024 377 ut,
1039 312 1136 390 potius
1162 313 1193 370 in

197 415 272 474 silvis
300 415 451 475 Gallorum
482 417 539 476 vita
570 435 658 494 quam
689 416 864 492 legionarius
895 414 988 472 miles,
1009 412 1192 490 periclitetur,
1272 473 1275 482 ¹

197 512 283 574 simul
309 523 341 572 ut
368 533 476 592 magna
500 515 679 576 multitudine
708 512 880 573 circumfusa
907 529 961 588 pro
989 511 1037 568 tali
1061 509 1192 568 facinore

197 613 283 688 stirps
296 632 332 672 ac
345 632 454 672 nomen
468 614 588 674 civitatis
601 614 723 673 tollatur.
765 609 1036 688 Magnusundique
1052 626 1193 666 numerus

170 709 325 774 sceleriter
338 714 480 772 convenit.
999 779 1001 783 ,

237 815 288 872 35.
311 809 453 870 Haecin
481 813 616 872 omnibus
644 813 816 871 Eburonum
845 809 973 886 partibus
1006 807 1191 882 gerebantur,

197 906 317 984 diesque
350 912 506 987 appetebat
537 913 685 988 septimus,
721 928 808 987 quem
840 909 877 968 ad
905 907 983 966 diem
1015 905 1123 964 Caesar
1154 902 1192 962 ad

196 1005 404 1082 impedimenta
424 1009 626 1088 legionemque
648 1011 751 1069 reverti
766 1009 960 1068 constituerat.
1003 1003 1071 1073 Hic,
1088 1013 1191 1079 quant-

197 1121 248 1162 um
275 1105 305 1161 in
333 1107 409 1165 bello
433 1107 549 1172 fortuna
573 1110 665 1186 possit
689 1119 719 1167 et
743 1118 868 1184 quantos
895 1104 995 1163 afferat
1020 1119 1113 1172 casus
1130 1119 1191 1174 ,co-

155 1216 185 1252 10
197 1203 300 1278 gnosci
321 1207 422 1280 potuit.
465 1207 619 1285 Dissipatis
638 1227 672 1266 ac
691 1207 844 1284 perterritis
863 1203 1004 1271 hostibus,
1018 1210 1050 1258 ut
1069 1201 1192 1258 demon-

198 1301 355 1373 stravimus
383 1321 488 1364 manus
516 1316 576 1364 erat
603 1307 689 1376 nulla,
713 1323 787 1382 quae
811 1319 929 1379 parvam
956 1300 1048 1358 modo
1073 1315 1190 1358 causam

197 1397 308 1457 timoris
342 1400 464 1462 afferret.
507 1403 603 1463 Trans
634 1404 772 1462 Rhenum
799 1402 837 1461 ad
868 1399 1042 1474 Germanos
1062 1397 1191 1474 pervenit

198 1493 284 1566 fama,
318 1497 401 1575 diripi
433 1499 586 1560 Eburones
619 1513 705 1578 atque
737 1502 812 1560 ultro
845 1516 949 1570 omnes
983 1497 1020 1556 ad
1052 1494 1191 1572 praedam

199 1594 320 1652 evocari.
363 1596 482 1674 Cogunt
505 1601 637 1676 equitum
664 1601 723 1658 duo
750 1599 830 1657 milia
857 1596 1018 1672 Sugambri,
1047 1593 1097 1670 qui
1125 1603 1192 1652 sunt

156 1713 185 1762 15
198 1692 456 1767 proximiRheno,
474 1714 492 1754 a
508 1698 613 1774 quibus
630 1708 762 1773 receptos
779 1715 816 1755 ex
833 1696 902 1770 fuga
920 1693 1082 1752 Tencteros
1103 1701 1193 1768 atque

198 1789 335 1874 Usipetes
369 1812 465 1872 supra
488 1797 649 1856 docuimus.
702 1797 869 1855 Transeunt
902 1793 1038 1852 Rhenum
1069 1792 1192 1850 navibus

199 1891 365 1966 ratibusque
390 1894 505 1970 triginta
528 1895 642 1954 milibus
667 1913 805 1972 passuum
830 1893 904 1952 infra
927 1908 994 1950 eum
1008 1891 1121 1962 iocum,
1143 1889 1193 1949 ubi

199 2005 275 2063 pons
303 2001 363 2049 erat
390 1992 533 2069 perfectus
566 1995 798 2071 praesidiumque
826 1993 863 2050 ab
891 1991 1016 2050 Caesare
1044 1989 1192 2047 relictum:

198 2087 500 2171 primosEburonum
522 2093 594 2152 fines
616 2093 741 2164 adeunt;
769 2092 876 2150 multos
898 2109 934 2148 ex
956 2089 1025 2164 fuga
1046 2087 1193 2164 dispersos

156 2203 187 2238 ao
199 2185 353 2260 excipiunt,
381 2206 490 2267 magno
517 2191 643 2267 pecoris
659 2190 902 2262 numero,.cuius¹
919 2197 986 2247 sunt
1014 2186 1193 2262 cupidissimi

198 2282 334 2355 barbari„
361 2288 516 2363 potiuntur.
566 2290 680 2348 Invitati
720 2288 840 2366 praeda.
866 2286 981 2362 longius
1019 2283 1191 2361 procedunt.

200 2377 281 2444 Non.
298 2381 353 2442 hos
380 2386 463 2460 palus
490 2387 520 2445 in
548 2388 625 2446 bello
653 2388 866 2463 latrociniisque
893 2396 985 2454 natos
1015 2401 1089 2441 nonr
1105 2382 1192 2441 silvae

199 2489 356 2561 morantur.
399 2482 513 2554 Quibus
538 2485 567 2543 in
589 2485 662 2545 locis
687 2487 722 2544 sit
747 2482 1067 2558 Caesar,.ex,captiiis
1091 2499 1193 2558 quaer-

199 2583 269 2648 qnt3
304 2578 478 2653 profectum·
495 2582 610 2659 longius
645 2584 790 2660 reperiunt
824 2599 1014 2656 omnemque.
1036 2580 1193 2639 exercitum

157 2689 186 2738 ²5
201 2671 367 2740 discessisse
396 2692 587 2756 cognoscunt.
629 2683 726 2760 Atque
746 2699 829 2748 unus
859 2699 894 2739 ex
924 2679 1043 2756 captivis
1056 2696 1073 2735 :.
1095 2676 1192 2749 ‘Quid

200 2773 269 2843 VOS?
292 2775 392 2852 inquit,
411 2778 503 2840 ‘hanc
524 2782 658 2840 miseram
679 2800 714 2840 ac
735 2791 852 2840 tenuem
874 2778 1024 2838 sectamini
1044 2776 1192 2853 praedam,

202 2871 306 2946 quibus
348 2875 513 2940 boetiam
555 2897 620 2938 esse
662 2878 912 2938 fortunatissimis?
968 2876 1075 2945 Tribus
1113 2873 1194 2932 horis

201 2969 385 3032 Aduatucam
418 2977 514 3060 venire
549 2979 686 3054 potestis:
728 2978 785 3036 huc
820 2995 924 3036 omnes
962 2993 1028 3034 suas
1063 2973 1204 3032 fortunas.

201 3069 342 3130 exercitus
355 3072 566 3134 ‚Romanorum
588 3077 724 3135 contulit:
746 3076 1090 3153 praesidiitantumrest,¹
1106 3081 1139 3129 ut
1156 3089 1195 3130 ne

157 3178 301 3242 sommus
329 3172 548 3251 quidemeingi
573 3176 673 3252 possit,
698 3194 793 3252 neque
818 3175 972 3250 quisquam
994 3171 1093 3248 egredi
1115 3180 1205 3232 extra-

202 3265 378 3330 munitiones
413 3272 534 3332 audeat!
574 3257 708 3333 'Oblata
731 3291 783 3349 spe
818 3272 959 3332 Germani
994 3289 1083 3348 quam
1117 3271 1195 3330 nacti

202 3371 283 3439 erant
316 3367 456 3440 praedam
489 3371 518 3427 in
553 3371 681 3430 occultoi
702 3372 884 3448 relinquunt3
923 3371 979 3446 ipsi
1012 3369 1195 3428 Aduatucam

203 3462 383 3538 contendunt
397 3467 442 3525 usi
455 3469 560 3527 eodem
574 3470 656 3542 duce,
671 3471 751 3529 cuius
771 3470 842 3537 haec
862 3469 967 3538 indicio
988 3477 1194 3542 cognoverant.
