2650 3918
143 201 283 272 5·1-54.
370 202 416 251 aa
437 203 548 252 asaro
572 201 722 252 alarico
743 201 855 266 canu.
884 201 913 254 ν.
1078 207 1139 274 109

142 349 211 408 itate
239 349 340 427 legati*
355 352 392 410 sit
421 362 581 429 acceptum,
607 353 664 412 hoc
695 352 834 430 aequiore
858 353 956 412 animo
987 352 1138 411 ferendum

143 447 237 521 docet,
270 450 353 525 quod
386 452 531 510 beneficio
569 452 691 511 deorum
726 452 934 511 immortalium
973 462 1001 510 et
1035 453 1138 510 virtute

142 565 244 606 eorum
265 549 383 624 expiato
404 549 594 609 incommodo
615 569 710 627 neque
731 549 863 609 hostibus
890 550 1000 610 diutina
1021 550 1137 608 laetatio

142 663 238 721 neque
272 647 341 723 ipsis
377 648 492 723 longior
520 648 604 706 dolor
629 649 816 725 relinquatur.
871 654 921 708 53.
950 648 1070 706 Interim
1099 648 1137 706 ad

143 743 306 802 Labienum
340 763 391 822 per
425 745 537 806 Remos
571 746 733 806 incredibili
767 747 912 807 celeritate
947 746 983 805 de
1019 747 1165 806 victorias

144 839 276 900 Caesaris
309 841 387 900 fama
413 843 563 919 perfertur,
594 854 635 916 ut,
666 863 734 903 cum
762 847 799 904 ab
827 845 954 903 hibernis
987 843 1136 902 Ciceronis

142 940 221 998 milia
234 958 373 1016 passuum
387 942 503 1000 abesset
522 942 635 1004 circiter
646 961 694 1013 nx,
714 961 809 1020 eoque
823 953 892 1020 post
910 943 1013 1002 horam
1027 959 1137 1000 nonam

143 1038 200 1101 diei
229 1038 337 1098 Caesar
364 1041 549 1116 pervenisset,
578 1051 645 1100 ante
672 1041 799 1100 mediam
826 1051 944 1100 noctem
972 1040 1010 1098 ad
1038 1049 1136 1116 portas

144 1147 303 1196 castrorum
331 1138 441 1197 clamor
467 1149 604 1210 oreretur,
628 1157 687 1215 quo
716 1139 842 1198 clamore
871 1139 1042 1216 significatio
1067 1139 1136 1196 vict-

143 1235 221 1294 oriae
251 1237 460 1312 gratulatioque
489 1239 527 1296 ab
551 1237 659 1296 Remis
677 1237 809 1297 Labieno
834 1238 922 1298 fieret.
965 1237 1032 1296 Hac
1059 1237 1137 1295 sama
1153 1253 1183 1294 10

143 1333 181 1395 ad
203 1333 347 1394 Treveros
371 1335 481 1411 perlata
505 1337 730 1410 Indutiomarus,
755 1337 805 1414 qui
829 1348 948 1414 postero
974 1336 1021 1394 die
1045 1319 1137 1394 castra

144 1432 265 1520 Labieni
297 1451 468 1510 oppugnare
496 1435 669 1504 decreverat,
697 1445 787 1494 n'octu
818 1435 947 1512 profugit
979 1435 1136 1511 copiasque

144 1548 248 1598 omnes
281 1531 313 1590 in
347 1531 491 1591 Treveros
525 1533 644 1593 reducit.
686 1533 793 1593 Caesar
828 1534 951 1592 Fabium
983 1550 1051 1591 cum
1085 1550 1137 1590 sua

143 1629 259 1705 legione
289 1630 405 1688 remittit
434 1631 466 1690 in
499 1629 628 1702 hiberna,
659 1631 721 1707 ipse
752 1650 819 1690 cum
849 1631 940 1690 tribus
973 1619 1136 1706 legionibus

143 1727 253 1788 circum
274 1727 507 1788 Samarobrivam
528 1730 609 1788 trinis
630 1731 758 1789 hibernis
782 1730 909 1789 hiemare
930 1731 1078 1789 constituit
1098 1738 1135 1801 et,
1152 1743 1179 1794 15

143 1827 223 1903 quod
240 1827 312 1886 tanti
326 1837 422 1886 motus
440 1827 552 1887 Galliae
571 1829 749 1900 exstiterant,
763 1838 856 1887 totam
870 1828 998 1887 hiemem
1017 1828 1080 1904 ipse
1098 1826 1136 1886 ad

142 1926 300 1984 exercitum
333 1944 450 1985 manere
492 1926 624 1985 decrevit
678 1925 757 1985 Nam
791 1927 841 1985 illo
875 1925 1065 1986 incommodo
1099 1925 1135 1984 de

143 2023 243 2084 Sabini
264 2035 356 2084 morte
377 2026 487 2102 perlato
507 2043 611 2084 omnes
636 2025 695 2084 fere
717 2024 828 2084 Galliae
849 2025 976 2083 civitates
1001 2024 1135 2083 debello

142 2122 355 2194 consultabant,
376 2124 494 2182 nuntios
515 2123 734 2200 legationesque
756 2123 787 2180 in
801 2141 905 2182 omnes
923 2132 1020 2199 partes
1040 2122 1135 2180 dimit-

143 2222 243 2282 tebant
260 2229 297 2292 et,
315 2221 386 2297 quid
402 2221 504 2298 reliqui
526 2221 638 2280 consilii
660 2231 796 2296 caperent
816 2230 903 2297 atque
924 2220 1002 2278 unde
1023 2221 1135 2280 initium
1150 2232 1180 2267 ²0

142 2321 211 2380 belli
231 2322 320 2392 fieret,
342 2321 533 2399 explorabant
553 2329 752 2401 nocturnaque
772 2321 804 2378 in
823 2318 895 2379 locis
920 2321 1040 2380 desertis
1063 2341 1135 2381 con·

143 2419 207 2478 cilia
233 2418 388 2478 habebant.
430 2417 535 2494 Neque
562 2418 652 2476 ullum
679 2417 739 2476 sere
766 2417 854 2476 totius
884 2418 987 2476 hiemis
1019 2429 1134 2497 tempus

143 2519 205 2578 sine
225 2517 414 2577 sollicitudine
432 2516 565 2576 Caesaris
586 2516 753 2587 intercessit,
771 2516 842 2592 quin
860 2517 987 2592 aliquem
1006 2518 1042 2576 de
1063 2537 1134 2578 con·

142 2616 211 2678 siliis
244 2635 278 2676 ac
306 2625 388 2674 motu
416 2614 567 2701 §allorum
601 2616 735 2674 nuntium
763 2615 913 2692 acciperet
955 2617 992 2674 In
1019 2616 1063 2675 his
1096 2619 1134 2676 ab

142 2713 175 2772 L.
197 2714 318 2786 Roscio,
339 2732 427 2789 quem
448 2713 555 2789 legioni
575 2713 804 2772 tertiaedecimae
825 2714 1010 2790 praefecerat,
1032 2717 1134 2776 certior
1148 2729 1178 2780 25

142 2811 235 2871 iactus
255 2822 300 2871 est
320 2829 443 2888 magnas
465 2810 616 2870 Gallorum
637 2812 737 2888 copias
761 2830 860 2870 earum
881 2813 1036 2884 civitatum,
1058 2833 1133 2891 quae

141 2911 328 2976 Aremoricae
352 2910 541 2986 appellantur,
564 2910 754 2987 oppugnandi
782 2911 826 2968 sui
850 2929 939 2970 causa
962 2914 1132 2974 convenisse

141 3027 237 3085 neque
254 3008 369 3085 longius
389 3008 467 3066 milia
487 3026 627 3084 passuum
647 3017 715 3066 octo
737 3008 774 3066 ab
794 3007 921 3067 hibernis
939 3010 998 3068 suis
1016 3010 1131 3084 afuisse,

141 3107 194 3166 sed
214 3107 317 3165 nuntio
339 3107 425 3165 allato
450 3105 486 3165 de
510 3106 628 3165 victoria
652 3105 786 3165 Caesaris
809 3107 976 3166 discessisse
1000 3108 1074 3167 adeo
1099 3119 1131 3166 ut

141 3204 227 3282 fugae
248 3204 348 3265 similis
369 3205 513 3264 discessus
534 3203 684 3266 videretur.
725 3210 777 3263 54.
799 3204 841 3263 At
861 3203 968 3264 Caesar
994 3205 1130 3283 principi·
1144 3225 1176 3273 ³0

141 3304 196 3362 bus
217 3305 357 3380 cuiusque
378 3303 500 3363 civitatis
521 3302 559 3361 ad
584 3320 615 3361 se
636 3303 763 3361 evocatis
785 3303 854 3361 alias
875 3303 1040 3373 territando,
1062 3321 1129 3364 cum

142 3417 173 3460 se
197 3402 279 3468 scire,
303 3419 378 3478 quae
402 3402 511 3474 fierent,
535 3401 724 3472 denuntiaret,
752 3401 821 3462 alias
845 3399 1023 3459 cohortando
1048 3418 1129 3478 mag-

140 3519 210 3562 uam
232 3511 349 3581 ‚partem
379 3500 491 3564 Galliae
517 3499 548 3560 in
574 3500 669 3576 officio
697 3502 796 3579 tenuit,
839 3499 954 3558 Tamen
988 3497 1129 3572 Senones,
