2650 3918
187 172 251 258 '¹33
521 194 858 244 crurumrrssum
1014 235 1017 242 ,
1088 189 1183 240 ,vm

191 347 262 396 rent.
306 339 340 398 Id
365 361 437 402 eane
467 345 503 404 de
528 363 737 422 causa,1quam
765 344 866 421 legatis
893 342 1123 420 pronuntiarunt,
1148 359 1186 400 an

192 436 312 510 perfidia
343 441 460 501 adducti
490 443 617 515 fecerint,
647 443 727 520 quod
757 443 828 501 nihil
858 443 945 501 nobis
977 443 1097 510 constat,
1116 457 1187 497 :non

191 535 303 599 videtur
336 557 391 615 pro
423 552 501 602 certo
534 561 597 601 esse
631 542 866 618 proponendum.
908 539 1050 614 Bituriges
1084 555 1187 597 eorum

193 632 323 694 discessu
337 639 433 696 statim
448 658 515 699 cum
529 641 665 699 Arvernis
679 641 844 716 iunguntur.

164 749 178 798 5
234 737 264 790 6.
286 732 342 792 His
367 737 453 795 rebus
477 737 508 796 in
532 739 644 797 Italiam
669 739 788 799 Caesari
807 737 952 806 nuntiatis
975 753 1042 794 cum
1062 735 1120 793 iam
1141 733 1187 792 ille

194 830 319 890 urbanas
340 852 385 892 res
407 835 507 893 virtute
529 834 606 894 Gnei
627 835 748 910 Pompei
774 833 1003 894 commodiorem
1028 833 1187 890 instatura

194 930 359 1002 pervenisse
381 933 566 1008 intellegeret,
592 934 622 992 in
645 932 869 1009 Transalpinam
894 932 1018 990 Galliam
1042 930 1188 1007 profectus

195 1037 247 1084 est.
302 1027 347 1088 Eo
369 1049 436 1089 cum
457 1033 590 1102 venisset,
612 1051 720 1108 magna
741 1033 907 1090 difficultate
930 1031 1112 1099 afficiebatur,
1130 1047 1189 1104 qua

195 1125 305 1184 ratione
329 1128 367 1186 ad
395 1131 552 1187 exereitum
581 1131 729 1206 pervenire
752 1140 860 1207 posset.
904 1129 983 1188 Nam
1006 1129 1030 1186 si
1057 1127 1189 1203 legiones

152 1252 182 1286 ,ο
196 1222 225 1279 in
241 1225 419 1298 provinciam
432 1238 597 1300 arcesseret,
613 1247 643 1286 se
663 1231 782 1287 absente
796 1229 826 1286 in
840 1229 939 1286 itinere
958 1227 1079 1303 proelio·
1088 1225 1188 1284 dimic-

197 1332 292 1381 aturas
317 1324 516 1400 intellegebat3
547 1328 569 1385 si
594 1327 656 1403 ipse
682 1327 719 1385 ad
744 1327 902 1385 exercitum
923 1321 1126 1395 contenderet,
1150 1341 1188 1380 ne

196 1421 230 1478 iis
250 1420 367 1497 quidem
388 1441 424 1481 eo
443 1434 583 1500 tempore,
599 1426 647 1502 qui
669 1426 756 1502 quieti
775 1426 947 1496 viderentur,
965 1443 1048 1484 suam
1068 1424 1189 1482 salutem

197 1529 275 1576 recte
296 1522 437 1579 committi
458 1524 579 1582 videbat
623 1531 651 1585 7.
674 1524 794 1582 Interim
816 1523 967 1582 Lucterius
989 1522 1138 1582 Cadurcus
1160 1521 1189 1578 in

198 1614 331 1674 Rutenos
359 1619 464 1678 missus
491 1639 556 1680 eam
584 1622 727 1680 civitatem
754 1622 889 1680 Arvernis
923 1621 1064 1680 conciliat.
1119 1619 1190 1677 Pro-

152 1737 183 1786 ,15
198 1729 313 1786 gressus
328 1715 358 1773 in
372 1716 560 1794 Nitiobroges
575 1730 604 1778 et
618 1719 748 1778 Gabalos
762 1720 799 1778 ab
813 1721 940 1795 utrisque
955 1719 1072 1778 obsides
1087 1717 1192 1794 accipit

159 1803 161 1808 ’
199 1821 227 1868 et
254 1831 362 1889 magna
389 1827 491 1876 coacta
518 1836 607 1876 manu
635 1819 666 1877 in
693 1819 871 1894 provinciam
898 1818 1068 1876 Narbonem
1092 1833 1192 1875 versus

199 1912 382 1986 eruptionem
399 1914 493 1973 faeere
513 1915 670 1975 contendit.
713 1915 780 1988 Qua
801 1936 831 1975 re
853 1917 983 1975 nuntiata
1002 1915 1110 1974 Caesar
1128 1933 1192 1973 orn·

199 2009 286 2067 nibus
300 2012 427 2071 consiliis
441 2014 678 2073 antevertendum
692 2015 871 2086 existimavit,
886 2025 917 2072 ut
934 2014 1106 2072 Narbonem
1125 2031 1194 2090 pro·

200 2105 381 2168 ficiseeretur.
423 2111 469 2170 Eo
488 2131 555 2170 eum
573 2114 707 2181 venisset,
721 2114 857 2172 timentes
876 2113 1036 2180 confirmat,
1050 2111 1194 2186 praesidia

156 2233 187 2267 20
200 2206 230 2264 in
259 2205 382 2267 Rutenis
410 2196 640 2287 provincialibus,
669 2211 770 2270 Volcis
793 2211 980 2281 Arecomicis,
1005 2209 1194 2268 Tolosatibus

201 2304 367 2382 circumque
395 2307 574 2380 Narbonem,
599 2329 678 2386 quae
705 2311 771 2370 loca
797 2311 929 2369 hostibus
956 2317 1039 2368 erant
1065 2308 1194 2376 finitima,

202 2403 357 2473 constituit,
372 2415 484 2480 partem
504 2409 653 2484 copiarum
672 2429 709 2468 ex
727 2409 875 2486 provincia
893 2408 1194 2484 supplementumque,

202 2499 283 2575 quod
297 2519 333 2558 ex
353 2502 435 2561 Italia
456 2505 622 2576 adduxerat,
639 2507 669 2564 in
688 2507 819 2579 Helvios,
829 2508 884 2583 qui
906 2506 977 2564 fines
990 2506 1195 2563 vArvernorum

203 2599 383 2675 contingunt,
406 2604 559 2662 convenire
583 2605 670 2664 iubet.
714 2612 743 2665 8.
766 2605 822 2664 His
846 2608 932 2664 r'ebus
956 2603 1131 2679 comparatis
1152 2620 1197 2660 re-

159 2718 188 2767 25
203 2714 304 2771 presso
324 2699 382 2755 iam
401 2699 535 2762 Lucterio
555 2712 583 2760 et
601 2713 723 2776 remoto,
739 2704 819 2780 quod
837 2704 941 2762 intrare
961 2703 1035 2760 intra
1054 2700 1197 2777 praesidia

203 2796 399 2870 periculosum
427 2803 553 2874 putabat,
576 2802 608 2859 in
636 2801 758 2863 Helvios
785 2802 981 2879 proficiscitur.
1024 2799 1087 2858 Etsi
1105 2815 1198 2857 mons

205 2892 351 2967 Cevenna,
371 2899 420 2973 qui
438 2899 585 2959 Arvernos
605 2903 643 2960 ab
662 2900 773 2960 Helviis
793 2900 933 2970 discludit,
952 2898 1106 2958 durissimo
1124 2906 1198 2954 tem·

204 3008 277 3066 pore
291 2994 359 3050 anni
373 2995 510 3058 altissima
524 2999 588 3057 nive
599 2999 653 3058 iter
672 2999 857 3076 impediebat,
871 3008 970 3056 tamen
985 2997 1115 3055 discussa
1133 2994 1199 3052 nive

206 3107 257 3147 sex
279 3091 309 3148 in
330 3092 510 3154 altitudinem
531 3098 640 3173 pedum
663 3107 749 3172 atque
774 3097 813 3155 ita
835 3097 888 3154 viis
910 3094 1060 3173 patefactis
1082 3111 1200 3152 summo

67 3219 73 3225 -
151 3208 193 3255 ·30
206 3187 328 3246 militum
348 3192 454 3250 sudore
474 3195 512 3252 ad
531 3195 603 3254 fines
620 3196 816 3254 Arvernorum
835 3194 971 3270 pervenit.
1014 3191 1201 3268 Quibus-op-

207 3288 313 3360 pressis
337 3288 563 3366 inopinantibus,
589 3294 669 3370 quod
694 3313 724 3352 se
747 3292 886 3353 Cevenna
909 3301 940 3350 ut
964 3309 1049 3349 muro
1074 3291 1202 3349 munitos

207 3385 417 3462 existimabant,
435 3411 475 3452 -ac
499 3413 536 3452 ne
562 3393 698 3470 singulari
723 3392 841 3469 quidem
866 3408 1006 3468 umquam
1030 3389 1142 3448 homini
1158 3407 1202 3447 -eo

201 3489 338 3560 ,tempore
357 3491 426 3548 anni
445 3494 563 3552 semitae
583 3501 741 3570 patuerant,
755 3491 900 3567 equitibus
920 3490 1052 3564 imperat,
1065 3497 1100 3548 ut
1113 3504 1202 3565 quam
