2630 3916
188 185 230 250 60
533 202 562 250 α
584 203 681 251 runrr
697 200 872 252 onnsnnrs
1012 241 1050 263 „
1134 203 1186 249 ιιι.

189 341 374 417 suscipienda
395 341 547 402 Gallorum
571 344 666 403 alacer
687 359 721 403 ac
736 351 898 420 ‘promptus
923 350 967 402 est
995 341 1117 413 animm,
1143 342 1186 401 sic

110 471 113 476 ·
188 440 284 499 mollis
305 459 340 499 ac
358 442 477 501 minime
495 443 632 502 resistens
647 443 685 502 ad
704 442 880 502 calamitates
899 440 1085 518 perferendas
1100 458 1186 508 mens

188 557 291 596 eorum
304 549 356 598 est.
883 555 886 563 ’
920 555 921 560 ’
1003 605 1004 608 ¹

230 644 285 698 20.
306 638 420 698 Eodem
435 641 495 700 fere
509 651 641 719 tempore
662 641 693 700 P.
716 640 848 712 Crassus,
863 658 931 698 cum
950 638 979 697 in
997 638 1185 715 Aquitaniam

161 763 175 815 5
190 737 376 812 pervenisset,
391 756 467 815 quae
479 757 557 815 pars,
572 749 604 798 ut
617 748 683 798 ante
696 739 805 799 dictum
819 747 871 809 est,
884 747 912 797 et
926 739 1079 813 regionum
1088 736 1185 794 latitu-

189 834 257 894 dine
285 844 313 894 et
340 836 522 895 multitudine
551 837 704 895 hominum
733 856 769 896 ex
800 838 881 896 tertia
908 846 989 913 parte
1018 835 1112 896 Gallia
1139 845 1186 892 est

189 917 377 1006 aestimanda,
389 953 457 993 cum
467 935 645 1012 intellegeret
654 937 685 994 in
698 936 733 994 iis
743 936 815 994 locis
826 936 880 994 sibi
893 935 1002 994 bellum
1012 933 1183 1010 gerendum,

188 1031 238 1088 ubi
249 1032 349 1108 paucis
364 1042 429 1090 ante
444 1033 528 1091 annis
539 1031 573 1090 L.
582 1032 715 1092 Valerius
726 1033 923 1094 Praeconinus
934 1034 1046 1108 legatus
1057 1031 1185 1090 exercitu

188 1128 273 1204 pulso
295 1130 462 1189 interfectus
489 1141 573 1203 esset,
602 1141 688 1208 atque
715 1133 794 1192 unde
821 1132 855 1191 L.
880 1131 997 1191 Mallius
1024 1129 1185 1208 proconsul

145 1251 177 1290 ιο
188 1228 402 1304 impedimentis
426 1230 540 1288 amissis
562 1230 744 1308 profugisset,
766 1248 827 1289 non
847 1221 1025 1290 mediocrem
1047 1230 1102 1289 sibi
1121 1229 1184 1287 dili-

188 1326 317 1402 gentiam
345 1327 541 1386 adhibendam
568 1325 759 1406 intellegebat.
809 1328 912 1405 Itaque
939 1347 971 1388 re
997 1327 1185 1387 frumentaria

187 1425 312 1500 provisa,
324 1425 436 1492 auxiliis
453 1427 638 1519 equitatupup
653 1439 831 1504 comparem,
845 1427 942 1486 multis
955 1436 1104 1504 praeterea
1117 1425 1185 1483 viris

187 1522 309 1582 fortibus
329 1494 442 1596 dolosa
461 1536 489 1584 et
504 1525 651 1607 Narbone,
666 1546 741 1604 quae
760 1537 828 1586 sunt
847 1527 974 1586 civitates
989 1524 1100 1584 Galliae
1113 1541 1184 1599 pro·

188 1621 298 1680 vinciae
316 1622 452 1681 finitimae
463 1623 508 1682 his
527 1625 701 1701 regionibus,
717 1625 890 1684 nominatim
909 1623 1036 1682 evocatis
1055 1622 1085 1692 in
1107 1621 1183 1680 Son-

146 1722 291 1792 rptiatum
315 1721 387 1780 fines
410 1723 567 1782 exereitum
591 1724 756 1783 introduxit.
800 1723 891 1784 Cuius
915 1721 1041 1782 adventu
1063 1719 1183 1794 cognito

189 1818 335 1878 Sontiates
354 1822 470 1898 magnis
491 1822 582 1898 copiis
604 1823 711 1888 coactis
731 1823 925 1899 equitatuque,
947 1818 1184 1896 quoplurimum

188 1918 331 1990 valebant,
346 1919 377 1976 in
397 1921 497 1980 itinere
514 1939 621 1998 agmen
640 1930 772 1980 nostrum
789 1920 882 1979 adorti
902 1919 1029 1996 primum
1050 1926 1183 1994 equestre

187 2017 331 2093 proelium
361 2019 577 2091 commiserint,
605 2019 710 2078 deinde
738 2020 866 2096 equitatu
896 2035 949 2077 suo
980 2017 1065 2095 pulso
1096 2024 1184 2091 atque

187 2115 407 2192 insequentibus
429 2119 535 2177 nostris
557 2119 653 2178 subito
673 2120 821 2195 pedestres
843 2118 951 2194 copias,
969 2135 1042 2193 quas
1061 2115 1091 2173 in
1111 2131 1184 2172 con·

144 2214 260 2276 rovalle
287 2216 321 2288 ¹in
351 2216 462 2275 insidiis
495 2217 714 2289 collocaverant,
743 2217 939 2284 ostenderunt.
995 2215 1036 2274 Hi
1067 2223 1183 2272 nostros

188 2312 325 2371 disiectos
352 2314 446 2374 adorti
473 2315 615 2391 proelium
643 2326 824 2376 renovarunt.
877 2320 925 2374 al.
945 2315 1111 2390 Pugnatum
1139 2320 1183 2370 est

146 2457 148 2460 .
188 2410 238 2468 diu
253 2420 339 2487 atque
353 2414 461 2486 acriter,
476 2433 544 2473 cum
560 2413 703 2474 Sontiates
722 2400 918 2494 superioribus
931 2413 1056 2472 victoriis
1076 2409 1138 2470 freti
1151 2410 1184 2468 in

190 2527 243 2569 sua
276 2510 377 2570 virtute
404 2513 492 2572 totius
519 2513 693 2591 Aquitaniae
724 2515 846 2574 salutem
880 2513 1006 2590 positam
1040 2519 1183 2588 putarent,

103 2655 105 2658 .
190 2610 281 2668 nostri
301 2619 406 2682 autem,
421 2612 491 2688 quid
505 2613 567 2671 siue
581 2612 755 2688 imperatore
774 2622 803 2672 et
817 2613 879 2670 sine
892 2611 1007 2689 reliquis
1020 2610 1184 2686 legionibus

147 2735 176 2784 25
190 2708 405 2768 adulescentulo
426 2711 498 2771 duce
516 2711 628 2770 efficere
646 2720 777 2788 possent,
796 2711 894 2787 perspi
911 2711 1096 2798 imperent:
1120 2718 1184 2766 tan-

191 2806 258 2865 dem
289 2808 414 2866 confecti
441 2810 606 2870 vulneribus
637 2808 737 2869 hostes
768 2819 850 2886 terga
912 2773 993 2866 rier‘e.
1014 2777 1030 2833 s
1048 2805 1184 2877 Quorum

189 2922 299 2980 magno
319 2924 441 2964 numero
462 2907 613 2967 interfecto
636 2906 758 2966 Crassus
778 2925 816 2965 ex
834 2907 934 2964 itinere
951 2905 1093 2981 oppidum
1108 2903 1184 2962 Son-

190 3003 292 3060 tiatum
302 3019 472 3080 oppugnare
487 3005 590 3082 coepit.
632 3004 747 3077 Quibus
758 3005 867 3064 fortiter
878 3003 1074 3063 resistentibus
1084 3003 1185 3062 vineas

189 3110 340 3176 turresque
359 3102 426 3177 egit.
468 3102 513 3160 Illi
533 3103 603 3163 alias
624 3105 775 3181 eruptione
795 3112 943 3180 temptata,
958 3101 1027 3161 alias
1046 3101 1187 3161 cuniculis

145 3227 177 3275 30
190 3200 228 3259 ad
247 3215 385 3274 aggerem
403 3201 559 3278 vineasque
577 3203 648 3263 actis
669 3205 679 3277 (
699 3203 763 3280 ulus
783 3202 824 3260 rei
840 3211 906 3260 sunt
920 3201 1007 3276 longe
1021 3201 1188 3276 peritissimi

190 3295 336 3371 Aquitani,
363 3308 517 3373 propterea
543 3302 624 3376 quod
649 3223 845 3361 mittisflocis
872 3299 951 3376 apud
978 3317 1030 3358 eos
1059 3300 1188 3359 aerariae

192 3403 320 3452 secturae
335 3395 425 3468 sunt),
440 3397 490 3455 ubi
505 3397 653 3476 diligentia
669 3409 836 3460 nostrorum
857 3399 927 3458 nihil
947 3397 991 3456 his
1012 3398 1101 3456 rebus
1117 3416 1188 3474 pro·

191 3487 238 3546 θεῖ
257 3508 346 3566 POSSe
366 3493 575 3570 intellexerunt,
596 3498 708 3576 legatos
728 3499 767 3558 ad
789 3497 927 3558 Crassum
953 3497 1071 3555 mittunt
1096 3514 1188 3576 seque
