2650 3918
125 171 266 250 44-46.
353 188 400 236 nr
421 187 531 238 netto
554 189 706 242 enrrrco
728 191 837 242 corum
864 193 895 244 V.
1061 187 1124 258 ¹05

125 334 255 394 animato
282 336 360 398 hunc
391 342 479 400 scutis
493 351 673 420 protegunt,
701 343 732 402 in
763 344 879 404 hostem
909 344 966 404 tela
996 339 1121 400 universi

126 435 275 494 coniciunt
297 455 391 514 neque
416 441 487 498 dant
510 443 691 518 regrediendi
711 444 885 503 facultatem.
927 442 1122 517 Transfigitur

126 543 242 591 scutum
263 533 376 594 Pulioni
395 547 423 596 et
443 549 573 598 verutum
594 542 624 598 in
645 542 741 600 balteo
764 543 903 619 defigitur.
946 541 1055 598 Avertit
1074 538 1126 598 hic·

125 649 211 691 casus
230 635 366 710 vaginam
384 647 412 696 et
428 638 558 712 gladium
575 641 698 700 educere
713 643 831 700 conanti
849 642 979 700 dextram
993 647 1121 697 moratur

124 750 255 803 manum,
274 734 502 814 impeditumque
524 739 622 798 hostes
643 741 862 799 circumsistunt.
905 738 1050 798 Succurrit
1068 737 1149 806 ini-'5

123 831 219 890 micus
252 832 291 890 illi
322 833 457 894 Vorenus
485 847 514 896 et
544 837 687 897 laboranti
718 840 856 898 subvenit.
899 838 947 897 Ad
978 837 1057 894 hunc
1088 853 1119 892 se

125 929 280 988 confestim
297 950 315 989 a
331 931 452 992 Pulione
467 936 562 994 omnis
579 936 733 996 multitudo
750 937 905 996 convertit:
928 937 1007 993 illurn
1021 943 1120 991 veruto

124 1029 298 1087 arbitrantur
321 1031 461 1090 occisum.
504 1032 609 1092 Gladio
634 1036 798 1094 comminus
822 1053 885 1094 rem
909 1035 982 1110 gerit
1005 1032 1120 1091 Voren-

124 1143 160 1184 us
188 1136 275 1202 atque
301 1145 364 1187 uno
389 1131 540 1191 interfecto
568 1134 694 1210 reliquos
721 1134 840 1209 paulum
864 1133 999 1209 p'ropellit
1006 1149 1015 1204 3
1049 1131 1120 1189 dum

124 1225 260 1301 cupidius
272 1228 366 1299 instat,
381 1230 411 1286 in
425 1231 523 1289 locum
537 1233 666 1291 deiectus
683 1232 849 1290 inferiorem
863 1231 998 1290 concidit.
1040 1227 1119 1287 Huic
1135 1246 1166 1281 10

124 1341 224 1382 rursus
248 1325 444 1388 circumvento
468 1329 522 1388 fert
546 1332 708 1390 subsidium
732 1331 822 1402 Puli0,
849 1339 935 1406 atque
960 1329 1048 1386 ambo
1076 1327 1120 1384 in·

125 1422 256 1482 columes
284 1427 481 1502 compluribus
512 1429 668 1488 interfectis
700 1446 815 1488 summa
843 1446 910 1486 cum
940 1425 1025 1485 laude
1057 1443 1120 1484 sese

125 1520 199 1579 intra
223 1523 400 1582 munitiones
423 1526 571 1602 recipiunt.
617 1527 664 1586 Sic
685 1527 800 1585 fortuna
824 1527 855 1584 in
880 1525 1067 1584 contentione
1091 1534 1120 1582 et

125 1621 282 1678 certamine
300 1633 455 1698 utrumque
473 1626 602 1696 versavit,
622 1636 654 1684 ut
674 1626 744 1684 alter
764 1625 844 1684 alteri
862 1625 995 1683 inimicus
1014 1622 1121 1681 auxilio

124 1716 267 1794 salutique
294 1731 370 1779 esset
398 1739 493 1798 neque
525 1723 673 1782 diiudicari
700 1732 809 1800 posset,
838 1734 902 1781 uter
931 1723 987 1780 utri
1017 1723 1118 1779 virtute
1135 1735 1163 1785 Ι5

124 1816 329 1876 anteferendus
352 1819 502 1878 videretur.
543 1827 596 1880 45.
619 1821 739 1894 Quanto
768 1831 829 1880 erat
856 1823 887 1879 in
915 1821 977 1880 dies
1005 1821 1119 1896 gravior

124 1925 211 1990 atque
235 1917 364 1992 asperior
387 1921 577 1995 oppugnatio
598 1931 628 1978 et
652 1921 778 1978 maxime
802 1919 882 1996 quod
906 1937 1014 1995 magna
1038 1929 1120 1994 parte

123 2013 246 2071 militurn
268 2013 400 2076 confecta
424 2017 587 2076 vulneribus
610 2037 657 2076 res
678 2019 716 2076 ad
736 2019 911 2094 paucitatem
932 2016 1119 2075 defensorum

124 2123 301 2187 pervenerat,
320 2124 401 2173 tanto
423 2117 582 2175 crebriores
603 2117 712 2175 litterae
732 2117 883 2193 nuntiique
903 2116 941 2173 ad
961 2114 1118 2173 Caesarem

123 2212 311 2271 mittebantur
318 2233 326 2286 3
358 2233 483 2290 quorum
510 2233 578 2292 pars
602 2215 786 2293 'deprehensa
810 2216 841 2272 in
865 2224 1025 2290 conspectu
1049 2232 1119 2273 nos·
1132 2229 1164 2264 20

123 2321 233 2369 trorum
256 2312 379 2370 militum
400 2332 467 2372 cum
488 2313 615 2373 cruciatu
640 2315 804 2372 necabatur.
846 2312 916 2370 Erat
940 2330 1016 2370 unus
1040 2313 1118 2372 intus

124 2407 246 2468 Nervius
268 2411 385 2469 nomine
406 2411 533 2481 Vertico‚
554 2413 621 2471 loco
645 2422 730 2493 natus
754 2412 887 2482 honesto,
909 2412 959 2487 qui
983 2430 1001 2469 a
1025 2411 1126 2486 prima

123 2509 278 2566 obsidione
312 2510 350 2567 ad
384 2507 558 2568 Ciceronem
594 2511 760 2589 perfugerat
794 2529 935 2586 suamque
969 2510 996 2568 ei
1030 2510 1118 2570 fidem

122 2607 309 2682 praestiterat.
351 2606 410 2668 Hic
435 2627 518 2667 servo
539 2627 591 2685 spe
611 2610 748 2668 libertatis
769 2610 941 2686 magnisque
962 2609 1118 2684 persuadet

121 2705 265 2779 praemiis,
280 2715 312 2763 ut
325 2705 431 2764 litteras
446 2707 483 2765 ad
499 2706 655 2766 Caesarem
670 2707 788 2766 deferat.
831 2707 895 2765 Has
912 2707 958 2766 ille
976 2707 1005 2765 in
1023 2707 1117 2766 iaculo
1132 2727 1162 2778 ²5

120 2803 243 2878 illigatas
257 2804 338 2862 effert
352 2814 380 2862 et
395 2804 496 2864 Gallus
511 2806 584 2864 inter
599 2805 700 2865 Gallos
715 2807 776 2864 sine
790 2799 850 2863 ulla
870 2805 1037 2880 suspicione
1056 2824 1117 2864 ver-

121 2910 200 2960 satus
217 2902 256 2959 ad
270 2901 426 2962 Caesarem
442 2905 578 2980 pervenit.
622 2904 670 2962 Ab
691 2921 727 2962 eo
749 2903 786 2962 de
808 2902 945 2980 periculis
964 2902 1117 2962 Ciceronis

119 2998 300 3076 legionisque
324 3003 517 3077 cognoscitur.
559 3009 613 3061 46.
635 3001 743 3060 Caesar
771 3002 897 3077 acceptis
921 3002 1021 3060 litteris
1045 3000 1117 3059 hora

121 3099 231 3158 circiter
247 3115 282 3156 xr
299 3099 355 3159 diei
371 3102 468 3160 statim
484 3103 618 3160 nuntium
637 3101 666 3158 in
680 3100 852 3160 Bellovacos
867 3101 904 3158 ad
918 3101 962 3158 M.
977 3099 1116 3159 Crassum

120 3205 305 3273 quaestorem
313 3199 407 3270 mittit,
420 3200 500 3258 cuius
514 3199 635 3258 hiberna
650 3201 770 3258 aberant
781 3201 818 3259 ab
830 3217 865 3259 eo
881 3199 960 3256 milia
974 3214 1114 3275 passuum
1130 3213 1163 3262 30

120 3312 185 3354 xxv
192 3314 200 3369 ;
221 3297 299 3356 iubet
318 3297 413 3355 media
431 3307 517 3356 nocte
539 3298 684 3374 legionem
705 3297 850 3374 proficisci
871 3297 1056 3370 celeriterque
1078 3295 1116 3352 ad

122 3413 152 3454 se
171 3397 279 3454 venire.
321 3395 389 3454 Exit
410 3415 478 3456 cum
499 3399 602 3456 nuntio
624 3397 755 3456 Crassus.
797 3396 929 3454 Alterum
949 3394 987 3452 ad
1009 3392 1117 3452 Gaium

121 3495 244 3555 Fabium
273 3495 401 3571 legatum
428 3496 522 3569 mittit,
550 3507 582 3556 ut
612 3498 642 3555 in
670 3497 843 3563 Atrebatum
869 3495 941 3553 lines
969 3493 1124 3571 legionem
