2630 3916
132 189 273 268 art-26·
382 201 429 250 uu
450 201 562 251 uarro
586 200 738 252 onrrreo
760 204 871 253 court.
893 204 934 252 rr.
1087 197 1132 272 45

131 356 298 433 mentisque
332 373 435 414 eorum
469 356 568 415 hostes
602 356 711 434 potitos
746 357 852 416 civitati
888 352 1138 416 renuntiavemnt.‘

132 461 186 514 25.
210 453 319 514 Caesar
344 456 382 515 ab
407 454 538 514 decimae
565 454 689 532 legionis
714 455 915 516 cohortatione
938 455 976 516 ad
999 456 1137 515 dextrum

131 571 226 613 cornu
240 553 455 630 profectus,ubi
470 571 539 612 suos
552 554 650 630 urgeri
663 554 812 631 signisque
826 555 857 613 in
865 547 956 612 unum
964 553 1064 612 locum
1074 552 1134 612 col-

131 652 187 711 atis
197 651 389 711 duodecimae
397 651 521 727 legionis
530 651 678 712 confertos
686 653 790 711 milites
801 653 857 711 sibi
865 653 946 728 ipsos
957 651 994 710 ad
1002 669 1137 728 pugnam

132 769 200 810 esse
213 749 425 826 impedimento
439 749 518 821 vidit,
527 759 646 826 quartae
661 751 788 810 cohortis
803 752 940 810 omnibus
959 747 1137 809 centurioni?
1147 759 1163 815 5,

131 849 188 928 bus
205 849 312 908 occisis
328 847 525 924 signiferoque
542 848 701 920 interfecto,
719 849 806 925 signo
823 850 941 922 amisso,
958 848 1139 924 reliquarum·

131 947 299 1022 cohortium
326 947 464 1005 omnibus
491 946 552 1006 fere
580 947 798 1007 centurionibus
821 956 876 1005 ¹aut
903 945 1058 1006 vulneratis
1085 954 1136 1004 aut

132 1046 248 1116 occisis,
269 1047 301 1103 in
324 1045 371 1104 his
390 1045 536 1121 primipilo
560 1045 592 1103 P.
617 1045 717 1105 Sextio
738 1046 859 1118 Baculo,
882 1045 1040 1104 fortissimo
1064 1043 1138 1116 viro,

131 1144 233 1204 multis
253 1143 447 1221 gravibusque
466 1143 631 1206 vulneribus
650 1144 795 1216 confecto,
811 1153 843 1201 ut
864 1144 924 1202 iam
942 1161 974 1202 se
994 1141 1135 1201 sustinere

132 1260 196 1301 non
210 1251 319 1318 posset,
334 1241 461 1317 reliquos
473 1260 537 1301 esse
551 1241 692 1300 tardiores
706 1253 735 1301 et
745 1242 902 1302 nonnullos
917 1242 954 1300 ab
969 1238 1135 1300 novissimis
1149 1257 1180 1294 ιο

133 1341 251 1401 deserto
271 1339 381 1422 proelio
399 1340 539 1399 excedere
558 1358 593 1399 ac
612 1341 669 1399 tela
682 1341 779 1412 vitare,
794 1341 886 1401 hostis
899 1358 995 1416 neque
1010 1357 1028 1397 a
1041 1338 1135 1397 fronte

133 1458 171 1498 ex
189 1439 325 1497 inferiore
344 1438 410 1498 loco
430 1440 589 1498 subeuntes
607 1439 794 1498 intermittere
814 1449 843 1498 et
857 1441 894 1498 ab
909 1449 1032 1515 utroque
1045 1437 1135 1496 latere

132 1538 240 1597 instare
259 1546 289 1596 et
309 1555 372 1596 rem
390 1555 456 1596 esse
474 1538 505 1596 in
525 1547 651 1614 angusto
669 1539 741 1597 vidit
758 1556 854 1614 neque
873 1537 964 1596 ullum
983 1555 1048 1596 esse
1066 1537 1135 1595 sub·

132 1636 250 1707 sidium,
279 1635 361 1711 quod
389 1635 519 1694 submitti
546 1646 656 1712 posset,
684 1645 768 1696 scuto
797 1637 834 1694 ab
861 1636 1026 1695 novissimis
1058 1635 1138 1709 [uni]

132 1733 217 1792 militi
239 1733 378 1804 detracto,
398 1734 480 1809 quod
498 1734 562 1810 ipse
581 1752 618 1794 eo
638 1735 701 1794 sine
720 1745 803 1794 scuto
824 1744 950 1806 venerat,
965 1734 994 1792 in
1011 1734 1135 1809 primam
1150 1751 1179 1803 15

133 1832 228 1892 aciem
269 1833 412 1910 processit
453 1833 728 1911 centurionibusque
769 1834 942 1893 nominatim
984 1831 1137 1909 appellatis

132 1931 261 2007 reliquos
281 1929 448 1988 cohortatus
467 1930 571 1995 milites
591 1932 675 2008 signa
693 1932 799 1991 inferre
818 1940 846 1990 et
860 1930 1025 2007 manipulos
1037 1929 1136 1988 laxare

132 2029 224 2100 iussit,
247 2046 307 2104 quo
329 2027 439 2087 facilius
460 2029 564 2104 gladiis
584 2031 626 2088 uti
646 2042 776 2106 possent.
819 2028 909 2088 Cuius
934 2029 1061 2086 adventu
1082 2045 1136 2102 spe

131 2128 212 2187 illata
228 2116 365 2187 militibus
383 2145 417 2186 ac
434 2128 630 2203 redintegrato
645 2128 753 2199 animo,
768 2145 904 2204 cumpro
919 2121 950 2186 se
964 2127 1087 2203 quisque
1104 2126 1135 2184 in

133 2236 298 2303 conspectu
313 2226 494 2303 imperatoris
515 2227 603 2284 etiam
621 2228 652 2284 in
672 2228 809 2285 extremis
829 2227 889 2286 suis
907 2227 994 2284 rebus
1013 2244 1135 2302 operam
1150 2243 1180 2280 ao

133 2342 242 2384 navare
263 2335 391 2400 cuperet,
405 2325 525 2402 paulum
544 2325 673 2385 hostium
692 2327 819 2401 impetus
837 2326 967 2385 tardatus
987 2335 1039 2386 est.
1081 2333 1134 2387 26.

133 2422 244 2482 Caesar
264 2441 331 2482 cum
351 2424 506 2500 septimam
520 2423 675 2499 legionem,
690 2443 766 2500 quae
780 2424 860 2482 iuxta
875 2426 1050 2496 constiterat,
1065 2425 1135 2484 item

132 2522 230 2598 urgeri
244 2523 282 2580 ab
295 2522 379 2581 hoste
394 2522 519 2594 vidisset,
530 2523 661 2582 tribunos
676 2524 800 2586 militurn
814 2523 937 2596 monuit,
951 2533 983 2582 ut
995 2524 1141 2600 paulatim'

132 2639 199 2681 sese
207 2620 338 2696 legiones
348 2621 558 2696 coniungerent
566 2630 595 2680 et
603 2640 742 2681 conversa
751 2623 873 2697 signain
882 2621 981 2681 hostes
989 2623 1137 2681 inferrent.

133 2721 205 2795 Quo
226 2719 304 2779 sacto
329 2738 398 2778 cum
418 2719 491 2780 alius
505 2722 553 2780 alii
577 2722 739 2780 subsidium
759 2721 853 2792 ferret,
875 2740 971 2797 neque
992 2722 1136 2793 timerent,
1150 2739 1180 2790 25

132 2837 172 2879 ne
197 2819 291 2878 aversi
312 2819 349 2877 ab
370 2819 455 2878 hoste
481 2820 764 2892 circumvenirentur,
786 2820 925 2879 audacius
945 2821 1076 2878 resistere
1101 2838 1135 2878 ac

132 2918 237 2976 fortius
245 2934 378 2993 pugnare
387 2927 554 2993 coeperunt.
596 2918 716 2976 Interim
730 2919 834 2976 milites
846 2918 994 2996 legionum
1004 2919 1134 2988 duarum,

133 3035 210 3094 quae
234 3017 266 3073 in
290 3016 450 3074 novissimo
463 3017 589 3092 ,agmine
610 3016 756 3094 pracsidio
777 3017 992 3094 impedimentis
1013 3017 1135 3086 fuerant,

133 3115 246 3194 proelio
266 3113 400 3172 nuntiato
421 3132 507 3173 cursu
527 3115 645 3175 incitato
666 3115 697 3173 in
718 3133 834 3174 summo
854 3115 928 3174 colle
947 3117 984 3174 ab
1002 3114 1135 3172 hostibus

134 3213 398 3289 conspiciebantur,
414 3220 443 3270 et
462 3211 499 3270 T.
517 3212 664 3272 Labienus
679 3214 779 3273 castris
792 3213 920 3273 hostium
934 3214 1042 3289 potitus
1055 3219 1084 3269 et
1099 3229 1135 3269 ex
1148 3214 1180 3282 '30

134 3313 201 3371 loco
223 3310 383 3387 superiore,
404 3327 478 3385 quae
499 3311 597 3370 resin
618 3311 724 3371 nostris
746 3313 845 3370 castris
866 3319 1040 3388 gererentur,
1063 3327 1135 3368 con·

136 3411 265 3486 spicatus
280 3408 426 3485 decimam
435 3407 580 3484 legionem
595 3409 731 3468 subsidio
740 3411 845 3468 nostris
859 3409 943 3467 misit.
986 3407 1046 3479 Qui
1069 3426 1136 3469 cum

137 3525 174 3566 ex
189 3508 322 3586 equitum
337 3515 365 3566 et
379 3505 516 3565 calonum
529 3507 607 3584 fuga,
618 3525 678 3583 quo
692 3508 723 3567 in
737 3507 804 3566 loco
817 3525 864 3566 res
878 3514 955 3565 esset
969 3517 1137 3585 quantoque
