2650 3918
131 201 271 269 30⁴3&
358 198 404 245 nr
426 198 543 246 antro·
561 198 713 248 catrico
736 198 847 248 coram
874 199 937 250 νη.
1068 202 1124 268 151

129 345 267 424 mamque
286 347 326 406 ibi
346 348 461 423 copiam
480 347 615 406 frumenti
635 357 664 407 et
684 348 786 425 reliqui
805 357 986 408 commeatus
1005 357 1133 408 nanctus·

129 445 289 504 exercitum
303 463 340 502 ex
354 444 453 503 labore
468 454 554 521 atque
572 445 673 521 inopia
686 445 793 505 reiecit.
836 446 900 504 Iam
920 463 1012 523 prope
1033 445 1128 504 hieme

129 543 265 603 coniecta
278 561 345 602 cum
363 543 428 620 ipso
443 544 511 600 anni
530 552 662 619 ternpore
681 543 719 601 ad
737 544 897 620 gerendum
916 545 1025 604 bellurn
1041 563 1128 605 voca·

128 653 208 700 retur
235 651 265 699 et
292 641 330 700 ad
357 641 474 700 hostem
502 641 646 718 proficisci
675 643 880 714 constituisset,
909 643 967 702 sive
995 662 1064 702 eum
1091 661 1129 702 ex

128 741 284 818 paludibus
309 740 444 817 silvisque
468 739 571 799 elicere
599 740 657 800 sive
681 742 834 800 obsidione
863 760 994 818 premere
1019 749 1156 818 possets

128 840 217 916 legati
248 839 285 898 ad
318 857 385 898 eum
417 839 562 914 principes
594 839 765 898 Aeduorum
797 840 916 898 veniunt
945 850 1068 912 oratum,
1096 849 1129 898 ut

104 961 107 966 ¹
129 938 257 996 maxime
276 938 440 996 necessario
460 947 591 1014 ternpore
606 938 710 996 civitati
732 939 899 997 subveniat:
925 956 1041 998 summo
1063 955 1128 998 esse
1183 1019 1185 1022 Ι

129 1037 160 1094 in
185 1036 314 1113 periculo
338 1054 410 1108 rem,
436 1037 616 1112 quodcum
640 1037 745 1112 singuli
766 1037 950 1114 magistratus
971 1036 1128 1113 antiquitus
1221 1103 1223 1118 Ι

130 1135 221 1194 creari
236 1145 323 1212 atque
342 1135 454 1212 regiam
470 1144 645 1212 potestatem
659 1153 769 1194 annum
783 1136 913 1194 obtinere
928 1144 1127 1204 consuessent,

130 1234 190 1293 duo
202 1235 402 1310 magistratum
416 1242 519 1309 gerant
533 1242 562 1292 et
576 1251 607 1292 se
620 1243 741 1310 uterque
756 1251 858 1292 eornm
872 1233 984 1310 legibus
999 1241 1128 1291 creatum
1144 1256 1174 1292 10

130 1351 195 1392 esse
216 1332 300 1392 dicat
344 1332 461 1391 Horum
476 1350 540 1392 esse
559 1332 680 1392 alterum
695 1331 961 1403 Convictolitavem,
976 1331 1129 1391 florentem

130 1442 160 1490 et
194 1432 334 1490 illustrem
368 1431 598 1502 adulescentem,
625 1429 746 1489 altemm
779 1430 896 1502 Cotum,
929 1431 1129 1506 antiquissima

130 1530 239 1588 familia
259 1539 360 1590 natum
382 1539 469 1606 atque
489 1530 585 1606 ipsum
609 1527 759 1587 hominem
781 1547 911 1588 summae
932 1529 1079 1606 potentiae
1099 1538 1129 1586 et

131 1647 257 1706 magnae
278 1628 469 1704 cognationis,
491 1628 573 1687 cuius
593 1627 680 1686 frater
704 1626 870 1686 Valetiacus
894 1628 1028 1703 proximo
1049 1645 1129 1686 anno

130 1727 257 1787 eundem
281 1727 480 1803 magistratum
507 1726 636 1802 gesserit.
679 1725 831 1784 Civitatem
859 1743 922 1784 esse
950 1745 1070 1787 ornnem
1097 1726 1128 1784 in
1145 1745 1173 1795 15

130 1828 234 1897 armis3
264 1825 390 1884 divisum
413 1833 553 1894 senatum,
575 1823 699 1883 divisum
723 1824 873 1900 populum,
895 1843 963 1884 suas
988 1824 1128 1900 cuiusque

130 1943 232 1984 eorum
248 1924 403 1984 clientelas.
446 1921 537 1994 Quod
559 1922 582 1980 si
604 1921 711 1982 diutius
731 1922 822 1982 alatur
842 1924 1045 1994 controversia,
1064 1923 1127 1982 fore

128 2025 171 2083 uti
193 2042 261 2100 pars
280 2041 349 2081 cum
369 2032 451 2098 parte
472 2020 592 2079 civitatis
613 2020 758 2096 confligat.
802 2020 837 2079 Id
858 2039 900 2080 ne·
912 2021 1032 2092 accidat,
1047 2023 1128 2098 posi-

129 2133 193 2182 tum
213 2123 243 2180 in
265 2122 326 2180 eius
349 2119 496 2196 diligentia
514 2129 601 2194 atque
620 2120 797 2178 auctoritate.
839 2125 892 2178 33.
911 2118 1027 2191 Caesar,
1042 2121 1095 2179 etsi
1111 2139 1128 2178 a

129 2221 207 2280 bello
222 2231 309 2298 atque
327 2219 411 2279 hoste
432 2219 580 2278 discedere
599 2217 839 2304 detrimentosum
858 2236 922 2278 esse
936 2219 1127 2293 existimabat,
1143 2243 1173 2278 ao

129 2331 228 2378 tamen
249 2338 311 2378 non
331 2319 480 2394 ignorans,
499 2325 607 2394 quanta
627 2335 664 2375 ex
685 2317 917 2376 dissensionibus
937 2318 1128 2378 incommoda

129 2421 198 2478 oriri
212 2426 412 2489 consuessent,
427 2435 464 2475 ne
479 2426 559 2476 tanta
572 2425 601 2475 et
615 2425 675 2476 tarn
689 2416 847 2478 coniuncta
864 2417 976 2493 populo
990 2416 1127 2476 Romano

130 2520 238 2589 civitae,
274 2535 362 2594 quam
402 2517 465 2593 ipse
500 2533 615 2590 semper
653 2514 770 2573 aluisset
804 2515 1000 2591 omnibusque
1039 2517 1126 2576 rebus

129 2627 270 2686 ornasset,
292 2615 329 2673 ad
356 2615 418 2672 vim
442 2623 530 2691 atque
557 2631 638 2672 arma
665 2612 862 2683 descenderet,
884 2623 971 2690 atque
993 2631 1027 2673 ea
1048 2633 1125 2691 pam,

129 2735 205 2795 quae
227 2715 323 2772 minus
345 2714 399 2772 sibi
420 2712 586 2784 confideret,
608 2711 714 2772 auxilia
733 2730 752 2770 a
771 2710 1011 2788 Vercingetorige
1032 2731 1127 2774 arces·
1143 2734 1172 2783 ²5

129 2825 214 2886 seret,
236 2813 303 2872 huic
323 2813 364 2872 rei
387 2813 629 2889 praevertendum
650 2810 829 2882 existimavit,
851 2818 888 2875 et,
910 2810 991 2886 quod
1014 2811 1127 2887 legibus

128 2913 301 2974 Aeduorum
328 2911 372 2984 iis,
400 2910 450 2986 qui
478 2926 624 2968 summurn
651 2908 858 2984 magistratum,
879 2910 1050 2982 obtinerent,
1076 2929 1127 2969 ex·

130 3015 233 3075 cedere
248 3029 285 3069 ex
300 3009 405 3068 finibus
419 3025 481 3068 non
495 3009 601 3078 liceret,
615 3025 653 3064 ne
668 3005 738 3082 quid
758 3005 794 3064 de
813 3006 875 3065 iure
890 3017 939 3068 aut
959 3008 995 3066 de
1014 3008 1126 3084 legibus

129 3131 231 3172 eorum
251 3109 426 3169 deminuisse
441 3107 592 3178 videretur,
607 3106 672 3182 ipse
685 3105 715 3162 in
734 3104 857 3165 Aeduos
869 3107 1015 3182 proficisci
1029 3107 1125 3165 statuit

129 3221 320 3285 senatumque
341 3225 461 3266 omnem
481 3215 511 3264 et
531 3223 607 3281 quos
628 3205 701 3262 inter
722 3204 918 3263 controversia
937 3215 1013 3263 esset
1034 3204 1072 3262 ad
1093 3222 1124 3263 se
1139 3229 1171 3276 30

128 3309 280 3370 Decetiam
306 3307 442 3366 evocavit.
481 3304 558 3364 Cum
579 3321 671 3380 prope
694 3303 792 3361 omnis
816 3303 915 3362 civitas
940 3321 976 3362 eo
998 3320 1124 3363 convene

128 3409 198 3468 isset
222 3407 442 3480 docereturque,
467 3403 569 3480 paucis
593 3402 672 3462 clam
694 3403 862 3461 convocatis
886 3401 947 3458 alio.
966 3400 1049 3472 loco,
1067 3403 1124 3462 alio

128 3516 260 3584 tempore
280 3513 367 3582 atque
384 3502 547 3580 ,oportuerit
566 3501 684 3560 fratrem
703 3499 825 3560 afiatre·
839 3499 1040 3572 renuntiatum,
1057 3521 1124 3562 cum
