2686 3910
224 190 284 254 180
550 209 579 256 c.
601 207 695 254 marr
715 205 889 256 cursuram
1162 205 1222 250 vrr.

220 367 297 429 aret;
333 356 363 415 id
395 357 450 415 nisi
482 357 648 416 necessario
680 376 717 416 ne
750 357 844 415 faciat.
900 356 969 433 lpse
997 354 1058 414 adit
1084 353 1222 428 reliquos,

218 454 394 526 cohortatur,
430 475 468 514 ne
502 455 594 514 labori
630 457 836 528 succumbant;
872 455 1005 513 omnium
1040 453 1222 530 superiorum

218 553 440 614 dimicationum
459 553 582 612 fructum
597 555 627 612 in
647 573 683 613 eo
698 554 744 613 die
763 564 850 630 atque
864 554 938 612 hora
951 553 1037 612 docet
1052 551 1221 610 consistere.

217 653 373 712 Interiores
385 653 542 730 desperatis
554 653 764 728 campestribus
778 652 849 710 locis
860 660 978 728 propter
988 649 1221 726 magnitudinem

189 752 413 812 smunitionum
434 752 499 810 loca
520 761 674 830 praerupta
695 769 732 809 ex
756 769 880 809 ascensu
903 757 1063 826 temptant:
1095 747 1152 806 huc
1176 765 1220 819 ea,

218 867 293 926 quae
318 859 496 926 paraverant,
525 847 686 907 conserunt.
733 848 918 909 Multitudine
947 847 1069 907 telorum
1098 865 1135 905 ex
1161 855 1221 904 tur-

217 951 296 1008 ribus
325 957 545 1026 propugnantes
577 949 737 1022 deturbant,
766 946 873 1024 ag'gere
907 959 935 1007 et
968 948 1094 1006 cratibus
1125 946 1220 1004 fossas

218 1050 344 1126 explent,
360 1049 481 1108 falcibus
506 1047 612 1109 vallum
635 1067 670 1107 ac
694 1049 814 1108 loricam
838 1047 1014 1106 rescindunt.
1058 1052 1109 1107 87.
1131 1047 1220 1105 Mittit

218 1149 312 1223 primo
337 1145 460 1205 Brutum
485 1147 701 1207 adulescentem
725 1165 792 1206 cum
818 1147 986 1206 cohortibus
1011 1145 1129 1217 Caesar,
1151 1158 1221 1223 post

173 1265 203 1299 10
218 1265 286 1305 curn
322 1247 384 1305 aliis
412 1245 520 1305 Gaium
549 1245 672 1305 Fabium
700 1245 845 1322 legatum
878 1256 1027 1323 postremo
1055 1246 1126 1322 ipse,
1152 1263 1219 1303 cum

218 1344 417 1407 vehementius
441 1353 627 1421 pugnaretur,
647 1347 777 1420 integros
802 1344 930 1405 subsidio
953 1344 1080 1403 adducit.
1123 1342 1220 1403 Resti-

204 1453 280 1501 -tuto
299 1443 410 1518 proelio
429 1461 464 1502 ac
478 1443 599 1518 repulsis
618 1442 751 1502 hostibus
770 1461 816 1514 e0,
831 1461 891 1519 quo
910 1442 1074 1501 Labienum
1092 1443 1218 1515 miserat,

218 1541 384 1612 contendit;
414 1541 549 1600 cohortes
574 1550 710 1619 quattuor
732 1560 768 1602 err
797 1543 932 1618 proximo
953 1541 1070 1600 castello
1094 1541 1219 1612 deducit,

218 1641 348 1717 equitum
373 1651 487 1718 partem
512 1660 544 1700 se
566 1642 656 1717 sequi,
677 1651 790 1717 partem
811 1641 962 1700 circumire
977 1643 1133 1700 exteriores
1154 1659 1219 1701 mu·

172 1757 201 1806 15
218 1739 343 1798 nitiones
368 1749 396 1798 et
419 1740 457 1797 ab
479 1749 561 1815 tergo
583 1738 684 1798 hostes
709 1739 815 1798 adoriri
835 1740 923 1798 iubet.
966 1739 1113 1798 Labienus
1136 1750 1218 1816 post-

216 1855 306 1914 quam
331 1856 426 1914 neque
452 1853 574 1914 aggeres
598 1856 693 1914 neque
721 1837 818 1897 fossae
842 1839 901 1897 vim
926 1838 1053 1897 hostium
1078 1839 1219 1900 sustinere

216 1946 359 2014 poterant,
389 1937 498 1996 coactis
532 1955 591 1998 una
622 1953 661 1993 xa
694 1936 871 2009 cohortibus,
901 1955 973 2014 quas
1006 1956 1043 1996 ex
1078 1938 1218 2013 proximis

216 2036 366 2112 praesidiis
388 2036 527 2096 deductas
548 2035 608 2095 fors
630 2035 741 2107 obtulit,
757 2033 912 2094 Caesarem
934 2054 986 2111 per
1010 2037 1128 2095 nuntios
1148 2037 1219 2096 facit

217 2135 375 2205 certiorem,
399 2135 468 2210 quid
489 2134 654 2194 faciendum
676 2134 827 2194 existimet
870 2134 1022 2194 Accelerat
1047 2134 1164 2208 Caesar,
1186 2147 1219 2195 ut

171 2257 202 2292 20
216 2233 328 2308 proelio
352 2233 471 2291 intersit.
515 2238 569 2294 88.
591 2231 662 2292 Eius
683 2234 809 2293 adventu
830 2250 866 2290 ex
888 2233 986 2292 colore
1007 2235 1125 2295 vestitus
1146 2253 1217 2310 cog-

217 2331 287 2400 nit0,
302 2347 361 2405 quo
376 2331 482 2406 insigni
497 2331 526 2388 in
540 2331 657 2410 proeliis
671 2333 712 2391 uti
730 2341 890 2404 consuerat,
906 2333 1065 2408 turmisque
1087 2333 1217 2408 equitum

217 2439 245 2486 et
267 2428 434 2486 cohortibus
455 2429 532 2499 visis,
554 2448 627 2508 quas
649 2447 680 2488 se
703 2421 935 2506 sequi'iusserat,
958 2440 990 2489 ut
1012 2431 1049 2489 de
1073 2432 1144 2490 locis
1165 2449 1217 2490 su·

216 2526 379 2601 potioribus
417 2526 489 2585 haec
524 2525 644 2585 declivia
679 2537 707 2586 et
742 2528 851 2588 devexa
890 2531 1089 2600 cernebantur,
1125 2532 1217 2590 nostri

216 2624 359 2700 proelium
393 2625 585 2684 committunt.
628 2625 782 2703 Utrimque
813 2627 938 2685 clamore
967 2628 1081 2686 sublato
1110 2629 1218 2704 excipit

169 2751 181 2784 a
185 2750 198 2799 5
215 2741 313 2782 rursus
328 2741 363 2781 ex
378 2723 452 2781 vallo
467 2734 553 2799 atque
568 2724 705 2784 omnibus
724 2725 935 2784 munitionibus
955 2725 1073 2784 clamor.
1115 2725 1216 2786 Nostri

215 2823 331 2882 omissis
358 2821 423 2898 pilis
451 2822 553 2897 gladiis
581 2841 644 2882 rem
672 2834 785 2898 gerunt.
842 2822 976 2900 Repente
1003 2838 1071 2900 post
1100 2837 1217 2902 tergum

215 2921 358 2997 equitatus
384 2921 527 2992 cernitur3
557 2920 693 2980 cohortes
717 2921 789 2980 aliae
817 2923 1060 2998 appropinquant.
1103 2923 1217 2984 Hostes

214 3029 295 3096 terga
320 3013 452 3091 ¹vertunt;
485 3018 662 3094 fugientibus
690 3021 801 3096 equites
829 3032 992 3080 occurrunt.
1034 3021 1080 3080 Fit
1106 3040 1218 3099 magna

214 3119 328 3177 caedes
371 3117 514 3184 Sedulius,
537 3117 595 3176 dux
617 3129 645 3176 et
673 3119 810 3197 princeps
837 3118 1035 3191 Lemovicum,
1057 3119 1216 3195 occiditur;

166 3237 198 3283 30
214 3217 499 3276 Vercassivellaunus
521 3217 669 3275 Arvernus
690 3218 771 3275 vivus
793 3218 822 3274 in
844 3217 914 3294 fuga
942 3219 1216 3295 comprehenditur;

214 3317 298 3392 signa
325 3314 455 3372 militaria
484 3331 578 3372 uxxrv
605 3315 643 3373 ad
671 3314 830 3374 Caesarem
858 3316 1035 3375 referuntur:
1064 3319 1150 3394 pauci
1178 3339 1216 3379 ex

213 3427 295 3475 tanto
314 3434 436 3475 numero
457 3435 488 3474 se
508 3416 669 3476 incolumes
689 3418 719 3474 in
739 3429 833 3477 castra
852 3420 1002 3495 recipiunt.
1045 3419 1217 3498 Conspicati

214 3532 249 3570 ex
271 3515 381 3590 oppido
400 3515 519 3574 caedem
535 3525 563 3574 et
582 3515 683 3592 sugam
698 3535 817 3575 suorum
837 3517 990 3595 desperata
1007 3518 1097 3578 salute
1113 3522 1217 3598 copias
