2650 3918
207 203 267 283 152'
404 204 416 246 -'
458 203 463 247 ἰ
500 201 557 256 ‘a
579 206 673 254 rurrr
693 204 866 254 causante
1106 216 1111 222 ·
1147 207 1207 257 vn„

204 361 283 436 leges
298 360 358 419 duo
372 378 408 418 ex
422 377 482 417 una
492 355 601 417 familia
616 355 680 416 'vivo
694 367 818 432 utroque
832 375 893 414 non
909 355 1004 414 solum
1018 353 1207 430 magistratus

204 459 294 519 creari
309 466 449 529 vetarent,
463 457 516 516 sed
530 457 617 516 etiam
637 456 668 513 in
686 464 789 512 senatu
804 471 868 512 esse
882 454 1077 530 prohiberent,
1093 450 1206 511 Cotum

204 557 357 634 imperium
380 557 528 632 deponere
550 554 654 630 coegit,
677 552 942 623 Convictolitavem,
965 553 1014 629 qui
1035 570 1088 628 per
1109 568 1204 609 sacer-

205 655 288 714 dotes
309 673 392 712 more
414 653 534 712 civitatis
558 651 727 712 intermissis
748 651 962 727 magistratibus
983 659 1059 709 esset
1081 659 1205 720 creatus

176 766 189 818 5
205 764 378 830 potestatem
393 753 523 811 obtinere
537 750 627 810 iussit.

245 859 298 911 34.
322 852 391 910 Hoc
414 853 530 910 decreto
551 851 722 927 interposito
745 853 912 910 cohortatus
933 850 1062 922 Aeduos
1082 861 1114 910 ut
1133 869 1205 910 con·

204 952 405 1011 troversiarum
426 969 460 1008 ac
486 949 676 1008 dissensionis
697 950 935 1009 obliviscerentur
959 959 1045 1026 atque
1066 951 1205 1008 omnibus

204 1049 430 1109 omissis·rebus
451 1048 518 1105 huic
542 1047 619 1106 bello
644 1051 780 1108 servirent
801 1066 902 1124 eaque,
924 1065 999 1123 quae
1020 1049 1203 1118 meruissent,

204 1149 332 1226 praemia
360 1149 398 1205 ab
426 1165 466 1217 se,
492 1146 603 1205 devicta
628 1146 729 1218 Gallia,
755 1155 957 1225 exspectarent
985 1147 1204 1222 equitatumque

160 1271 191 1309 ro
204 1263 323 1306 omnem
351 1255 379 1304 et
407 1241 538 1321 peditum
565 1245 643 1304 milia
675 1246 776 1305 decem
809 1247 862 1305 sibi
892 1244 1020 1304 celeriter
1048 1245 1203 1316 mitterent,

204 1363 279 1422 quae
298 1346 328 1402 in
349 1343 500 1420 praesidiis
518 1343 560 1401 rei
574 1342 776 1403 frumentariae
797 1341 885 1404 causa
904 1344 1079 1420 disponeret,
1094 1343 1202 1402 exerci-

203 1454 265 1501 tum
287 1443 317 1500 in
342 1442 414 1500 duas
439 1451 535 1517 partes
561 1442 670 1500 divisit:
700 1453 837 1518 quattuor
861 1443 993 1518 legiones
1017 1441 1047 1498 in
1071 1440 1203 1499 Senones

205 1539 389 1617 Parisiosque
410 1539 542 1598 Labieno
564 1541 713 1599 ducendas
734 1541 819 1612 dedit,
844 1559 894 1600 sex
915 1541 978 1616 ipse
1003 1539 1034 1596 in
1055 1539 1202 1598 Arvernos

203 1640 241 1698 ad
270 1639 412 1717 oppidum
441 1638 618 1718 Gergoviam
647 1639 808 1698 secundum
835 1640 944 1710 flumen
971 1637 1075 1695 Elaver
1103 1637 1200 1708 duxit:

160 1753 188 1805 15
203 1739 346 1814 equitatus
367 1746 478 1814 partem
498 1737 537 1795 illi
559 1737 693 1808 attribuit,
713 1746 825 1812 partem
847 1739 901 1796 sibi
921 1735 1041 1812 reliquit.
1084 1735 1152 1807 Qua
1171 1753 1202 1793 re

203 1837 321 1912 'cognita
355 1835 576 1911 Vercingetorix
607 1837 744 1895 omnibus
785 1835 951 1912 interruptis
983 1835 1044 1892 eius
1074 1833 1202 1892 fluminis

203 1935 340 2011 pontibus
369 1935 406 1992 ab
435 1934 523 1991 altera
545 1933 672 1993 fluminis
700 1946 781 2012 parte
810 1936 863 1993 iter
885 1934 979 1992 facere
1003 1932 1107 2008 coepit.
1150 1938 1201 1990 35.

204 2032 280 2092 Cum
294 2045 414 2109 uterque
428 2033 572 2108 utrimque
587 2033 693 2092 exisset
708 2035 851 2094 exercitus
866 2033 896 2090 in
910 2041 1070 2107 conspectu
1083 2031 1202 2108 fereque

203 2150 219 2190 e
240 2132 359 2206 regione
379 2131 478 2189 castris
499 2138 593 2188 castra
613 2132 772 2207 ponebant,
793 2132 940 2208 dispositis
962 2130 1201 2205 exploratoribus,

157 2247 190 2282 ιο
203 2230 309 2288 necubi
336 2229 440 2287 effecto
470 2237 560 2305 ponte
588 2228 716 2288 Romani
741 2231 852 2307 copias·
869 2230 1061 2300 traducerent,
1084 2238 1143 2286 erat
1171 2227 1201 2285 in

202 2328 317 2403 magnis
328 2325 462 2386 Caesaris
473 2325 688 2386 difficultatibus
698 2348 753 2401 res,
763 2349 800 2388 ne
811 2330 951 2387 maiorem
963 2328 1077 2385 aestatis
1089 2335 1201 2403 partem

202 2424 321 2485 flumine
344 2425 538 2500 impediretur,
554 2425 634 2500 quod
653 2444 715 2486 non
734 2425 793 2486 fere
813 2436 880 2485 ante
903 2437 1075 2484 autumnum
1098 2424 1202 2483 Elaver

202 2522 278 2580 vado
300 2523 413 2580 transiri
439 2521 519 2580 solet.
562 2522 674 2600 Itaque,
700 2545 736 2583 ne
761 2526 791 2584 id
816 2525 966 2596 accideret,
990 2524 1109 2583 silvestri
1134 2523 1201 2582 loco

203 2621 303 2679 castris
313 2621 415 2696 positis
427 2638 443 2677 e
454 2620 572 2694 regione
584 2621 669 2680 unius
681 2641 783 2683 eorum
793 2624 936 2699 pontium,
946 2641 1021 2698 quos
1031 2620 1201 2695 Vercinget-

159 2734 189 2784 25
203 2720 265 2776 orix
281 2718 489 2777 rescindendos
505 2729 660 2792 curaverat,
675 2732 793 2798 postero
809 2721 855 2780 die
870 2739 938 2780 cum
953 2721 1066 2779 duabus
1080 2719 1200 2794 legioni-

202 2819 257 2877 bus
272 2818 302 2875 in
318 2818 433 2876 occulto
449 2796 566 2891 restitit;
589 2818 714 2896 reliquas
729 2821 829 2897 copias
844 2839 912 2880 cum
927 2821 1063 2878 omnibus
1078 2819 1200 2896 impedi-

202 2918 318 2988 mentis,
339 2926 371 2974 ut
392 2925 590 2988 consueverat,
612 2919 689 2976 misit
711 2920 801 2994 captis
826 2918 1002 2995 quibusdam
1023 2916 1199 2997 cohortibus,

202 3015 244 3073 uti
265 3034 403 3073 numerus
424 3016 573 3090 legionum
594 3027 726 3075 constare
747 3018 898 3076 videretur.
941 3016 999 3076 His
1025 3033 1112 3093 quam
1136 3015 1201 3073 lon-

204 3115 322 3188 gissime
350 3123 471 3189 possent
496 3114 594 3190 egredi
623 3115 716 3185 iussis
742 3134 809 3175 curn
837 3116 896 3173 iam
921 3134 957 3174 ex
986 3114 1042 3173 diei
1068 3123 1200 3189 tempore

159 3232 192 3282 30
204 3213 401 3271 coniecturam
430 3222 545 3289 ceperat
572 3213 602 3270 in
628 3225 721 3272 castra
749 3224 929 3290 perventum,
953 3212 1046 3272 isdem
1074 3211 1201 3282 sublicis

205 3324 328 3384 quarum
353 3329 420 3388 pars
448 3311 565 3370 inferior
593 3313 705 3388 integra
732 3315 909 3386 remanebat,
934 3323 1055 3390 pontem
1083 3313 1202 3372 reficere

205 3410 310 3484 coepit.
352 3410 488 3468 Celeriter
515 3410 619 3469 effecto
645 3427 732 3486 opere
760 3412 982 3489 legionibusque
1007 3412 1145 3470 traductis
1174 3423 1202 3470 et

205 3502 271 3562 loco
291 3507 391 3566 castris
409 3509 517 3567 idoneo
537 3507 650 3568 delecto
669 3510 793 3589 reliquas
812 3511 913 3587 copias
934 3509 1085 3569 revocavit.
1128 3509 1201 3591 ller-
