2686 3910
148 171 287 255 65-67.
393 173 440 236 nir
462 189 572 238 antro
596 189 748 238 orrrrco
770 188 878 238 conrr.
906 187 967 248 νη.
1090 172 1148 256 r69

146 325 312 399 reversuros
334 359 429 417 neque
451 342 540 401 finem
560 341 686 401 bellandi
706 341 840 400 facturos.
882 339 1008 398 Proinde
1030 339 1147 415 agmine

146 438 304 514 impeditos
318 439 506 500 adorirentur.
549 441 579 499 Si
593 442 705 517 pedites
725 442 783 499 suis
798 440 935 498 auxilium
954 439 1047 497 lerant
1062 447 1147 513 atque

147 537 178 594 in
199 555 236 596 eo
257 549 415 610 morentur,
436 541 489 598 iter
510 540 606 599 facere
627 559 689 598 non
710 558 797 616 posse
809 559 816 612 ;
847 539 879 608 si,
900 539 931 598 id
952 537 1032 613 quod
1053 536 1148 612 magis

147 633 276 692 futurum
296 637 433 709 confidat,
448 639 553 697 relictis
574 638 788 716 impedimentis
804 656 873 696 suae
887 637 970 695 saluti
985 635 1147 705 consulant,

148 745 176 792 et
192 753 246 792 usu
259 753 356 793 rerum
371 737 601 796 necessariarum
622 748 650 796 et
672 739 811 813 dignitate
832 737 987 812 spoliatum
1006 735 1055 805 iri;
1078 743 1176 793 namt

148 832 185 890 de
213 834 358 908 equitibus
386 835 522 908 hostiurn,
548 836 619 914 quin
647 853 736 894 nemo
764 853 864 894 eorum
892 833 1029 910 progredi
1056 832 1147 889 modo

146 941 230 989 extra
251 950 359 1006 agmen
377 935 490 1005 audeat,
509 944 537 992 et
558 935 638 1010 ipsos
661 934 776 1010 quidem
799 951 860 990 non
881 932 987 990 debere
1008 931 1148 989 dubitare.

146 1029 184 1088 Id
205 1049 265 1106 quo
287 1031 397 1090 maiore
419 1032 527 1091 faciant
548 1033 654 1103 anim0,
673 1033 774 1108 copias
795 1051 826 1090 se
847 1049 951 1089 omnes
972 1047 1026 1106 pro
1048 1029 1149 1087 castris

148 1127 314 1186 habiturum
329 1140 357 1188 et
376 1133 479 1189 terrori
490 1131 622 1190 hostibus
637 1131 772 1190 futurum.
808 1130 1003 1190 Conclamant
1020 1129 1148 1205 equites:

149 1227 334 1286 sanctissimo
353 1229 537 1288 iureiurando
557 1231 724 1289 confirmari
745 1241 889 1306 oportere,
905 1248 942 1287 ne
960 1238 1038 1287 tecto
1055 1226 1148 1302 recip·
1165 1241 1194 1276 10

148 1324 232 1396 iatur,
256 1343 293 1384 ne
321 1329 359 1386 ad
387 1328 502 1398 liberos,
528 1347 565 1387 ne
590 1330 628 1387 ad
653 1338 796 1404 parentes,
822 1329 860 1387 ad
887 1345 1011 1386 uxorem
1039 1326 1149 1384 aditum

148 1423 264 1495 habeat,
291 1427 342 1501 qui
373 1445 435 1484 non
465 1429 511 1486 bis
545 1447 598 1504 per
632 1446 739 1504 agmen
772 1428 900 1486 hostiurn
932 1426 1148 1503 perequitasset.

149 1527 203 1582 67.
224 1522 350 1583 Probata
372 1543 403 1583 re
426 1537 513 1602 atque
536 1527 673 1585 omnibus
694 1525 878 1584 iureiurando
900 1525 1010 1583 adactis
1031 1532 1148 1600 postero

148 1621 195 1678 die
210 1622 240 1678 in
254 1632 311 1681 tres
327 1633 423 1698 partes
439 1623 591 1683 distributo
610 1626 739 1702 equitatu
753 1625 827 1682 duae
842 1643 873 1683 se
888 1625 965 1682 acies
980 1624 1017 1681 ab
1033 1624 1149 1681 duobus

148 1719 284 1777 lateribus
299 1722 466 1793 ostendunt,
478 1741 537 1781 una
551 1742 569 1780 a
582 1725 678 1800 primo
692 1724 809 1798 agmine
823 1724 875 1780 iter
889 1722 1028 1798 impedire
1043 1723 1147 1797 coepit.
1167 1735 1194 1783 ¹¹5

149 1816 219 1888 Qua
245 1820 428 1878 renuntiata
450 1821 557 1880 Caesar
578 1840 663 1880 suum
688 1838 805 1898 quoque
826 1822 985 1896 equitatum
1008 1820 1149 1895 tripertito

149 1917 274 1975 divisum
298 1929 399 1977 contra
421 1919 536 1978 hostem
560 1923 602 1979 ire
624 1921 710 1978 iubet.
753 1920 901 1994 Pugnatur
925 1937 984 1976 una
1011 1919 1149 1976 omnibus

149 2016 180 2072 in
201 2017 339 2091 partibus
382 2016 523 2077 Consistit
544 2037 667 2094 agmen;
693 2018 903 2094 impedimenta
922 2017 997 2075 intra
1018 2017 1149 2092 legiones

149 2115 333 2190 recipiuntur.
377 2116 407 2173 Si
431 2135 490 2192 qua
518 2118 548 2175 in
576 2126 658 2193 parte
683 2117 774 2174 nostri
802 2117 933 2174 laborare
958 2124 1007 2174 aut
1035 2115 1149 2190 gravius

138 2213 243 2288 'premi
256 2213 434 2286 videbantur,
450 2234 487 2274 eo
508 2217 592 2292 signa
605 2216 703 2273 inferri
718 2215 826 2273 Caesar
844 2215 995 2291 aciemque
1013 2215 1149 2272 constitui
1165 2231 1196 2266 20
1253 2222 1255 2227 ’

149 2311 284 2370 iubebat:
313 2331 388 2388 quae
413 2332 459 2372 res
486 2325 515 2372 et
539 2313 639 2372 hostes
663 2315 701 2372 ad
728 2313 942 2390 insequendum
965 2312 1097 2371 tardabat
1121 2323 1151 2370 et

150 2420 268 2470 nostros
304 2429 355 2486 spe
391 2413 489 2470 auxilii
523 2413 721 2471 confirmabat.
765 2412 902 2470 Tandem
938 2410 1078 2470 Germani
1113 2413 1150 2470 ab

151 2510 253 2569 dextro
276 2510 363 2568 latere
385 2528 532 2570 summum
553 2514 654 2588 iugum
676 2511 753 2570 nacti
773 2511 874 2570 hostes
895 2512 962 2569 loco
985 2512 1149 2587 depellunt;

149 2606 294 2684 fugientes
314 2626 407 2684 usque
432 2610 470 2667 ad
495 2610 613 2682 flumen,
635 2611 684 2668 ubi
706 2610 928 2686 Vercingetorix
953 2629 1021 2668 cum
1046 2612 1150 2686 pedes·

150 2707 241 2765 tribus
270 2707 361 2782 copiis
392 2709 572 2779 consederat,
586 2719 797 2786 persequuntur
818 2708 1041 2785 compluresque
1062 2711 1149 2768 inter·
1164 2727 1194 2777 2⁵

150 2805 260 2863 ficiunt.
303 2805 371 2877 Qua
389 2825 420 2865 re
435 2809 635 2867 animadversa
648 2808 757 2882 reliqui,
772 2825 809 2864 ne
830 2808 1047 2866 circumirentur
1060 2809 1149 2880 veriti,

150 2922 182 2962 se
197 2903 285 2978 fugae
299 2907 447 2964 mandant.
491 2905 637 2964 Omnibus
650 2905 722 2963 locis
741 2905 773 2964 fit
786 2906 899 2964 caedes.
942 2906 1017 2965 Tres
1031 2907 1150 2964 nobilis-

151 3004 216 3060 simi
230 3002 325 3061 Aedui
346 3005 423 3080 capti
438 3003 474 3062 ad
490 3003 646 3062 Caesarem
665 3003 880 3079 perducuntur:
903 3002 1003 3073 Cotus,
1018 3002 1154 3080 praefec·.

150 3112 195 3160 tus
214 3102 352 3178 equitum,
368 3103 418 3177 qui
437 3103 663 3161 controversiam
683 3121 750 3161 eum
770 3101 990 3161 Convictolitavi
1008 3101 1148 3177 proximis

150 3201 274 3259 comitiis
310 3200 457 3270 habuerat,
493 3210 522 3259 et
557 3199 724 3272 Cauarillus
760 3201 810 3277 qui
845 3210 913 3277 post
953 3198 1148 3257 defectionem
1162 3214 1194 3263 30

149 3298 287 3356 Litavicci
307 3297 489 3374 pedestribus
511 3299 603 3375 copiis
631 3299 803 3374 praefuerat,
825 3309 853 3356 et
874 3296 1065 3372 Eporedorix,
1087 3313 1148 3371 quo

149 3396 224 3455 duce
249 3404 315 3454 ante
345 3397 501 3456 adventum
530 3396 662 3456 Caesaris
688 3395 782 3455 Aedui
811 3415 879 3455 cum
909 3394 1051 3470 Sequanis
1071 3394 1148 3454 bello

150 3495 369 3554 contenderant.
