2686 3910
200 160 259 226 188
608 178 642 226 Α.
666 177 788 227 umrrr
1114 181 1196 226 vm.

199 324 294 386 Portis
315 325 395 385 fores
418 327 591 405 altioresque
610 338 703 388 turres
722 329 871 405 imposuit.
913 334 963 388 10.
986 327 1082 386 Huius
1101 327 1197 385 muni-

199 424 286 484 tionis
302 426 408 501 duplex
424 437 485 484 erat
505 428 665 486 consilium.
709 427 845 504 Namque
864 436 892 486 et
911 445 1033 503 operum
1054 426 1198 500 magnitu-
1221 477 1224 482 r

199 523 295 582 dinem
317 534 346 583 et
370 526 505 584 timorem
531 543 616 584 suum
641 528 776 602 sperabat
800 526 938 586 fiduciam
962 527 1091 584 barbaris
1116 525 1197 583 allat-

198 640 290 693 umm,
319 632 348 681 et
376 642 443 682 curn
475 625 644 700 pabulatum
678 624 944 700 frumentatumque
972 623 1088 700 longius
1121 633 1198 682 esset

170 721 453 796 5proficiscendum‚
474 725 568 800 parvis
590 724 681 800 copiis
702 735 796 783 castra
816 724 979 782 munitione
999 724 1063 799 ipsa
1082 723 1198 782 videbat

199 837 287 894 posse
308 820 433 879 defendi.
476 821 596 880 Interim
619 824 722 881 crebro
742 823 842 898 paucis
861 822 1006 897 utrimque
1026 839 1197 897 procurren-

199 919 274 976 tibus
303 919 376 978 inter
399 920 467 978 bina
498 930 590 979 castra
625 920 732 997 palude
764 921 914 978 interiecta
947 920 1198 991 contendebatur,

199 1035 287 1093 quam
315 1027 413 1076 tamen
450 1019 588 1095 paludem
624 1036 847 1094 nonnumquam
876 1029 924 1076 aut
957 1029 1057 1076 nostra
1090 1019 1197 1076 auxilia

197 1117 350 1178 Gallorum
390 1119 666 1197 Germanorumque
708 1121 869 1178 transibant
908 1119 1059 1195 acriusque
1097 1118 1197 1178 hostes

154 1233 185 1270 ιο
198 1217 434 1293 insequebantur,
450 1227 499 1275 aut
513 1219 640 1277 vicissim
654 1218 754 1276 hostes
775 1218 878 1276 eadem
893 1217 1064 1292 transgressi
1078 1227 1196 1275 nostros

197 1315 313 1390 longius
338 1316 559 1374 submovebant.
602 1317 762 1376 Accidebat
782 1326 880 1374 autem
903 1316 1055 1374 cotidianis
1076 1316 1196 1391 pabula-

198 1414 326 1472 tionibus
347 1413 389 1487 (id
408 1415 488 1490 quod
508 1416 640 1474 accidere
655 1426 715 1474 erat
734 1433 863 1485 necesse,
883 1431 951 1472 cum
965 1415 1036 1472 raris
1057 1413 1196 1472 disiectis·

198 1529 254 1586 que
274 1531 309 1569 ex
329 1511 465 1571 aedificiis
483 1513 625 1588 pabulum
645 1508 884 1591 conquireretur),
904 1523 935 1570 ut
956 1512 1102 1588 impeditis
1123 1511 1195 1569 locis

199 1611 322 1686 dispersi
364 1612 550 1687 pabulatores
593 1612 869 1671 circumvenirentur
881 1630 888 1682 ;
934 1629 1009 1689 quae
1044 1629 1099 1681 res,
1141 1612 1195 1669 etsi

155 1723 182 1776 ¹5
198 1710 345 1768 mediocre
373 1711 577 1768 detrimentum
612 1711 808 1768 iumentorum
838 1729 871 1770 ae
908 1728 1056 1769 servorum
1089 1709 1196 1768 nostris

198 1808 344 1878 afferebat,
370 1818 469 1868 tamen
495 1809 596 1867 stultas
621 1809 813 1884 cogitationes
837 1809 977 1866 incitabat
997 1808 1195 1876 barbarorum,

198 1915 284 1982 atque
299 1924 335 1964 eo
349 1907 452 1982 magis,
475 1908 555 1983 quod
570 1907 731 1976 Commius
752 1924 840 1982 quem
860 1906 1024 1982 profectum
1039 1904 1077 1963 ad
1091 1905 1198 1962 auxilia

198 2003 413 2063 Germanorum
433 2004 607 2064 arcessenda
626 2004 722 2075 docui,
741 2022 807 2061 cum
827 2005 971 2081 equitibus
988 2011 1122 2073 venerat;
1147 2003 1196 2079 qui

197 2104 312 2162 tametsi
333 2121 457 2162 numero
482 2122 543 2164 non
565 2103 689 2179 amplius
710 2111 792 2160 erant
813 2103 972 2178 quingenti,
999 2111 1097 2160 tamen
1122 2100 1197 2159 Ger-

152 2233 183 2268 20
198 2221 351 2262 manorum
383 2203 509 2261 adventu
544 2203 660 2260 barbari
690 2202 863 2260 nitebantur.
915 2206 956 2260 11.
979 2199 1096 2270 Caesar,
1127 2217 1195 2256 eum

198 2301 436 2360 animadverteret
463 2301 580 2359 hostem
615 2299 779 2376 complures
807 2300 869 2357 dies
898 2299 999 2356 castris
1032 2297 1138 2373 palude
1167 2307 1195 2355 et

197 2399 254 2457 loci
268 2409 370 2458 natura
388 2399 506 2457 munitis
526 2417 557 2457 se
572 2408 669 2457 tenere
684 2417 779 2473 neque
797 2397 962 2474 oppugnari
983 2406 1077 2455 castra
1091 2414 1195 2454 eorum

199 2498 262 2555 sine
285 2497 472 2555 dimicatione
492 2497 657 2572 perniciosa
678 2515 734 2556 nec
755 2496 853 2554 locum
871 2496 1080 2554 munitionibus
1101 2494 1196 2553 claudi

198 2597 253 2653 nisi
273 2613 291 2654 a
311 2596 422 2654 maiore
443 2595 570 2654 exercitu
590 2612 688 2670 posse,
710 2595 817 2654 litteras
839 2595 876 2653 ad
898 2594 1080 2676 Trebonium
1101 2593 1195 2662 mittit,

154 2723 184 2773 ²5
198 2705 229 2752 ut
244 2713 332 2770 quam
348 2693 494 2752 celerrime
509 2703 611 2771 posset
625 2694 772 2768 legionem
786 2710 856 2764 x111,
871 2710 946 2769 quae
961 2711 1028 2750 cum
1044 2691 1081 2750 T.
1095 2690 1196 2750 Sextio

187 2794 294 2868 legato
321 2793 352 2850 in
380 2791 557 2867 Biturigibus
582 2792 740 2863 hiemabat,
767 2800 926 2852 arcesseret
952 2803 1039 2868 atque
1064 2792 1103 2849 ita
1128 2807 1196 2848 cum

198 2893 288 2951 tribus
322 2891 489 2968 legionibus
516 2892 631 2966 magnis
659 2891 810 2951 itineribus
839 2891 877 2948 ad
912 2909 943 2950 se
971 2891 1097 2962 veniret;
1133 2891 1196 2966 ipse

200 2992 310 3067 equites
338 2992 368 3049 in
393 2983 675 3048 vicem'Remorum
705 3008 738 3048 ac
767 2989 935 3064 Lingonum
963 2989 1197 3064 reliquammque

199 3090 355 3158 civitatum,
375 3106 501 3164 quorum
520 3107 661 3164 magnum
681 3097 834 3146 numerum
855 3097 1031 3157 evocaverat,
1051 3086 1198 3163 praesidio

155 3211 186 3258 ³0
200 3187 430 3264 pabulationibus
445 3187 539 3256 mittit,
556 3187 605 3263 qui
620 3187 728 3244 subitas
747 3185 874 3244 hostium
892 3187 1072 3246 incursiones
1092 3185 1198 3244 sustin-

199 3297 287 3344 erent.
338 3291 387 3345 12.
408 3283 499 3355 Quod
520 3303 589 3343 cum
609 3284 717 3343 cotidie
739 3284 827 3354 lieret,
850 3301 886 3344 ac
906 3284 965 3342 iam
986 3283 1199 3342 consuetudine

200 3381 346 3457 diligentia
369 3383 553 3452 minueretur,
577 3383 658 3460 quod
679 3383 850 3458 plerumque
875 3382 979 3442 accidit
1004 3382 1199 3452 diuturnitate,

201 3477 344 3540 Bellovaci
370 3481 481 3540 delecta
505 3499 595 3541 manu
619 3481 750 3558 peditum
779 3481 905 3558 cognitis
929 3481 1100 3540 stationibus
1127 3481 1200 3538 coti·
