2686 3910
141 181 282 268 32-36.
356 195 402 244 nr
424 195 535 244 asaro
561 193 710 244 carrrco
733 195 845 244 corrrr.
871 165 950 247 ¹vrrr.
1081 200 1142 268 199

140 345 255 404 milibus
277 354 454 404 armatorum
475 344 582 404 relictis
607 345 734 421 reliquos
758 365 794 405 ex
817 346 928 423 oppido
952 345 1090 422 Drappes
1114 356 1144 406 et

140 442 291 503 Lucterius
325 443 459 502 educunt.
504 443 546 500 Hi
581 461 691 520 paucos
727 444 788 504 dies
823 446 927 504 morati
963 463 999 504 ex
1036 444 1142 503 finibus

140 540 349 614 Cadurcorum,
364 543 414 619 qui
433 543 537 618 partim
557 561 587 601 re
604 542 790 602 frumentaria
809 544 957 602 sublevare
977 561 1029 602 eos
1044 545 1142 620 cupie-

139 640 218 710 bant,
240 643 346 716 partim
365 640 529 746 prohibere,
550 657 609 716 quo
628 642 725 700 minus
745 652 900 713 sumerent,
918 659 980 699 non
999 650 1142 718 poterant,

138 757 281 814 magnum
323 756 478 798 numerum
518 737 655 799 frumenti
698 750 879 816 comparant,
919 752 1170 816 nonnumquam5

137 846 235 896 autem
266 837 501 914 expeditionibus
535 839 685 897 nocturnis
718 838 834 896 castella
865 848 1035 896 nostrorum
1071 837 1142 898 ado·

137 937 255 996 riuntur.
298 935 397 1007 Quam
427 937 467 993 ob
495 953 614 995 causam
643 935 734 995 Gaius
763 934 905 994 Caninius
933 945 996 995 toto
1028 936 1141 1012 oppido

139 1035 316 1094 munitiones
332 1035 510 1092 circumdare
533 1045 669 1105 moratur,
694 1053 731 1092 ne
755 1044 804 1092 aut
823 1051 898 1109 opus
917 1033 1054 1094 effectum
1068 1037 1140 1094 tueri

138 1150 200 1191 non
217 1133 311 1208 possit
327 1141 377 1190 aut
397 1131 527 1208 plurimrs
549 1133 580 1190 in
601 1133 673 1191 locis
695 1131 811 1189 infirma
831 1131 967 1207 disponat
987 1132 1140 1208 praesidia.

137 1236 191 1289 35.
214 1229 327 1306 Magna
351 1231 438 1306 copia
465 1231 602 1290 frumenti
627 1240 797 1306 comparata
824 1231 981 1289 considunt
1004 1229 1140 1306 Drappes
1156 1257 1185 1294 ιο

138 1341 168 1388 et
203 1329 351 1388 Lucterias
386 1349 447 1389 non
482 1331 599 1406 longius
635 1332 673 1388 ab
707 1329 820 1404 oppido
851 1348 870 1386 x
904 1329 1031 1400 milibus,
1062 1329 1141 1388 unde

136 1428 277 1504 paulatim
298 1428 475 1487 frumentum
503 1430 533 1486 in
556 1429 697 1505 oppidum
722 1424 935 1503 supportarent.
978 1426 1040 1504 Ipsi
1067 1428 1141 1486 inter

138 1545 170 1585 se
198 1527 361 1602 provincias
388 1528 565 1602 partiuntur:
601 1511 737 1602 Drappes
765 1526 867 1584 castris
896 1526 1042 1602 praesidio
1071 1543 1140 1584 cum

136 1636 219 1702 parte
247 1627 398 1700 copiarum
425 1627 536 1696 restitit,
562 1626 714 1685 Lucterius
743 1641 850 1699 agmen
878 1625 1074 1684 iumentorum
1102 1625 1140 1683 ad

136 1724 281 1800 oppidum
297 1724 384 1784 ducit.
425 1723 584 1800 Dispositis
602 1725 643 1782 ibi
660 1722 811 1800 praesidiis
830 1721 903 1781 hora
920 1724 1015 1783 noctis
1029 1723 1140 1782 circiter
1155 1743 1183 1791 ¹5

137 1824 253 1883 decima
281 1823 456 1882 silvestribus
485 1823 674 1899 angustisque
703 1821 851 1878 itineribus
879 1820 1056 1880 frumentum
1085 1823 1139 1880 im·

137 1933 255 1998 portare
290 1923 321 1980 in
351 1923 495 1998 oppidum
523 1923 651 1982 instituit.
695 1919 831 1991 Quorum
859 1921 1010 1995 strepitum
1037 1920 1138 1996 vigiles

136 2031 298 2080 castrorum
335 2039 402 2078 cum
440 2021 608 2090 sensissent,
644 2020 901 2094 exploratoresque
937 2019 1027 2090 missi,
1062 2037 1138 2094 quae

136 2129 313 2196 gererentur,
342 2120 564 2190 renuntiassent,
593 2117 733 2177 Caninius
762 2116 890 2176 celeriter
918 2134 985 2176 cum
1013 2116 1138 2194 cohorti·

136 2220 200 2275 bus·
212 2217 328 2278 armatis
347 2235 382 2276 ex
402 2218 544 2294 proximis
563 2217 686 2275 castellis
705 2217 735 2272 in
748 2215 950 2274 frumentarios
969 2216 1023 2274 sub
1043 2216 1137 2290 ipsam
1152 2235 1182 2270 πο

136 2318 232 2376 lucem
251 2317 392 2393 impetum
407 2317 481 2376 fecit
525 2316 550 2374 Ii
564 2317 716 2392 repentino
731 2316 809 2374 malo
823 2316 963 2390 perterriti
983 2314 1137 2392 diffugiunt

137 2419 175 2476 ad
203 2435 256 2477 sua
282 2417 427 2494 praesidia
434 2437 442 2490 ;
476 2435 550 2492 quae
576 2417 667 2474 nostri
692 2425 724 2473 ut
751 2415 892 2485 viderunt,
918 2416 1011 2474 acrius
1035 2425 1138 2474 contra

136 2527 264 2576 armatos
292 2517 402 2575 incitati
425 2517 574 2574 neminem
594 2533 629 2572 ex
651 2532 687 2572 eo
706 2531 828 2572 numero
853 2515 949 2572 vivum
973 2515 1038 2590 capi
1061 2515 1136 2590 pati·

135 2627 231 2674 untur.
273 2613 405 2690 Profugit
428 2614 496 2672 inde
519 2632 587 2672 cum
609 2613 709 2688 paucis
732 2611 883 2672 Lucterius
905 2631 960 2671 nec
984 2631 1015 2671 se
1037 2614 1137 2689 recipit

136 2718 167 2773 in
189 2724 289 2774 castra.
331 2719 383 2774 36.
397 2713 451 2771 ·Re
480 2713 556 2770 bene
579 2721 662 2787 gesta
687 2710 826 2770 Caninius
852 2729 888 2769 ex
913 2712 1031 2789 captivis
1054 2731 1135 2771 com·
1150 2734 1179 2783 ²5

135 2815 210 2891 perit
240 2822 352 2888 partem
380 2813 529 2888 copiarum
558 2829 626 2869 cum
656 2809 806 2886 Drappete
833 2803 898 2869 esse
932 2813 962 2870 in
990 2813 1089 2872 castris
1118 2830 1136 2869 a

136 2913 254 2970 milibus
281 2911 369 2986 longe
397 2929 459 2968 non
486 2909 610 2985 amplius
636 2927 685 2968 rur.
728 2909 796 2980 Qua
820 2927 850 2967 re
876 2927 913 2968 err
937 2910 1135 2986 compluribus

135 3011 263 3086 cognita,
296 3028 363 3068 cum
392 3008 570 3084 intellegeret
603 3007 703 3083 fugato
737 3008 812 3066 duce
843 3007 934 3067 altero
968 3011 1134 3084 perterritos

136 3109 263 3185 reliquos
303 3107 387 3167 facile
424 3107 551 3184 opprimi
588 3124 683 3182 posse,
722 3117 847 3192 magnae
885 3105 1029 3167 felicitatis
1068 3127 1133 3168 esse

135 3209 325 3266 arbitrabatur
346 3207 494 3264 neminem
515 3224 551 3262 ex
572 3205 663 3263 caede
684 3204 827 3279 refugisse
848 3205 879 3262 in
899 3215 1001 3275 castra,
1023 3207 1073 3282 qui
1095 3208 1133 3267 de
1146 3236 1177 3284 30

134 3316 253 3383 accepta
272 3305 433 3365 calamitate
452 3304 585 3363 nuntium
604 3303 746 3379 Drappeti
765 3302 909 3378 perferret.
953 3303 1011 3362 Sed
1032 3304 1061 3362 in
1081 3323 1132 3363 err·

134 3406 277 3481 periundo
296 3421 363 3462 cum
384 3403 544 3478 periculum
565 3403 676 3460 nullum
697 3402 812 3472 videret,
830 3401 989 3476 equitatum
1010 3419 1131 3462 omnem

135 3504 359 3578 Germanosque
394 3503 515 3578 pedites,
551 3519 683 3560 erumnae
719 3500 877 3559 velocitatis
911 3498 1055 3570 homines,
1091 3503 1130 3562 ad

133 3614 228 3664 castra
256 3602 384 3662 hostium
411 3601 582 3677 praemittit;
614 3601 678 3678 ipse
705 3600 852 3676 legionem
879 3615 968 3656 unam
996 3599 1026 3656 in
1054 3601 1132 3660 trina
