2630 3916
168 173 211 254 46
492 189 522 238 e.
544 187 638 236 runrr
660 184 834 236 caesarem
863 175 864 178 ’
1044 185 1050 201 ·
1131 187 1169 232 11.

168 335 213 400 in1
226 336 355 414 periculo
384 347 413 398 et
437 346 532 397 castra
556 346 585 396 et
612 337 744 414 legiones
767 346 796 398 et
819 335 978 413 imperator
1002 343 1170 406 versaretur,

169 435 382 511 cognovissent,
416 436 487 496 nihil
522 435 559 495 ad
594 436 769 496 celeritatem
803 435 858 494 sibi
891 433 994 511 reliqui
1027 431 1171 496 fecerunt

169 539 220 595 27.
241 532 359 593 Horum
383 535 509 594 adventu
533 544 614 594 tanta
634 553 730 593 rerum
750 533 942 594 commutatio
966 540 1010 590 est
1030 530 1115 602 facta,
1138 539 1172 588 ut

169 631 261 691 nostri
288 633 375 692 etiam
402 633 452 710 qui
479 633 642 692 vulneribus
670 632 795 692 confecti
822 631 1054 708 procubuissent,
1080 629 1171 688 scutis

141 731 260 803 sinnixi
270 731 414 808 proelium
428 731 671 808 redintegrarent3
689 741 751 790 tum
762 731 880 790 calones
890 729 1057 805 perterritos
1068 727 1170 786 hostes

168 830 330 907 conspicati
353 831 440 889 etiam
460 831 586 890 inermes
605 831 721 889 armatis
742 837 937 899 occurrerunt,
957 828 1070 905 equites
1090 843 1170 908 vero,

168 937 200 987 nt
213 927 420 1004 turpiurdinem
434 928 521 1005 fugae
537 929 639 988 virtute
657 929 793 1000 delerent,
809 928 946 987 omnibus
962 927 993 984 in
1007 926 1079 985 locis
1094 939 1170 1002 pug-

167 1037 247 1098 nant,
277 1044 336 1104 quo
364 1045 395 1086 se
420 1027 586 1104 legionariis
613 1027 749 1087 militibus
776 1026 961 1104 praeferrent.
1004 1025 1044 1083 At
1067 1024 1171 1083 hostes

169 1126 256 1185 etiarn
280 1125 311 1183 in
335 1134 465 1185 extrema
485 1143 537 1202 spe
562 1125 660 1186 salutis
681 1135 792 1186 tantam
812 1126 945 1185 virtutem
965 1125 1172 1201 praestiterunt

125 1247 155 1286 re
167 1230 208 1296 ut,
229 1242 297 1283 curn
317 1224 402 1301 primi
426 1243 528 1284 eorum
549 1225 731 1296 cecidissent,
751 1225 877 1302 proximi
900 1224 1061 1283 iacentibus
1085 1223 1169 1282 ineis*

167 1329 268 1394 terent,
289 1333 377 1400 atque
398 1341 435 1382 ex
456 1342 559 1383 eorum
580 1325 750 1402 corporibus
771 1333 952 1401 pugnarent3
980 1323 1025 1380 his
1050 1321 1169 1381 deiectis

169 1436 198 1480 et
221 1423 397 1481 coacervatis
422 1422 618 1494 cadaveribus,
645 1423 695 1500 qui
719 1429 913 1499 superessent,
936 1431 968 1480 ut
993 1439 1030 1478 ex
1055 1419 1168 1478 tumulo

168 1519 226 1578 tela
245 1520 277 1578 in
295 1529 413 1579 nostros
431 1520 598 1580 conicerent
618 1531 647 1580 et
665 1521 723 1598 pila
741 1521 901 1596 intercepta
919 1519 1113 1578 remitterent:
1136 1527 1172 1577 ut·

168 1635 230 1676 non
263 1618 440 1695 nequiquam
473 1628 570 1678 tantae
599 1619 708 1678 virtutis
734 1619 870 1679 homines
900 1617 1019 1676 iudicari
1049 1615 1171 1676 deberet

126 1739 156 1791 15
170 1735 258 1777 ausos
279 1735 344 1776 esse
363 1718 483 1776 transire
504 1717 675 1778 latissimum
695 1719 813 1788 flumen,
835 1717 993 1776 ascendere
1014 1716 1170 1776 altissimas

169 1817 257 1893 ripas,
272 1816 368 1875 subire
381 1816 594 1894 iniquissimum
607 1816 723 1889 locum;
745 1831 819 1894 quae
833 1815 928 1874 facilia
942 1833 979 1873 ex
993 1814 1171 1874 difficillimis

169 1915 258 1974 animi
268 1914 439 1991 magnitudo
449 1915 609 1991 redegerat.
661 1921 714 1975 28.
737 1915 806 1974 Hoc
816 1913 928 1993 proelio
938 1913 1016 1973 facto
1031 1923 1060 1972 et
1073 1931 1173 1992 prope.

170 2015 208 2074 ad
241 2013 469 2073 internecionem
502 2023 591 2089 gente
622 2032 658 2073 ac
688 2013 808 2073 nomine
842 2011 1016 2071 Nerviorum
1046 2012 1167 2072 redacto

169 2113 294 2172 maiores
311 2121 390 2184 natu,
407 2129 483 2188 quos
500 2130 560 2172 una
577 2131 644 2172 cum
664 2113 761 2189 pueris
778 2111 1003 2186 mulieribusque
1024 2110 1054 2168 in
1070 2120 1168 2169 aestu-

125 2231 157 2268 πο
169 2212 229 2270 aria
243 2229 277 2270 ac
290 2211 412 2289 paludes
423 2212 571 2270 coniectos
585 2211 758 2282 dixeramus,
768 2207 824 2268 hac
834 2227 935 2285 pugna
947 2209 1086 2279 nuntiata,
1098 2227 1168 2267 cum

168 2308 325 2368 victoribus
345 2308 415 2366 nihil
438 2309 617 2384 impeditum,
639 2309 720 2368 victis
744 2308 815 2366 nihil
838 2317 933 2367 tutum
954 2307 1171 2377 arbitrarentur,

168 2405 309 2475 omniurn,
338 2407 387 2482 qui
419 2415 596 2482 supererant,
625 2425 771 2466 consensu
800 2407 914 2484 legatos
941 2406 980 2465 ad
1007 2404 1166 2464 Caesarem

167 2503 308 2562 miserunt
328 2519 420 2580 seque
437 2505 464 2562 ei
481 2503 653 2563 dediderunt
672 2514 700 2564 et
717 2504 749 2562 in
768 2503 1027 2564 commemoranda
1044 2503 1168 2563 civitatis

168 2603 330 2664 calamitate
358 2621 396 2664 ex
428 2605 572 2663 sexcentis
602 2605 641 2664 ad
671 2615 729 2664 tres
757 2615 916 2674 senatores,
943 2622 980 2662 ex
1010 2603 1166 2665 hominum

124 2719 154 2772 ²⁵
167 2703 282 2762 milibus
303 2718 343 2760 ux
364 2702 412 2760 vix
432 2701 470 2760 ad
489 2703 673 2780 quingentos,
692 2703 742 2780 qui
761 2722 843 2762 arma
860 2702 935 2762 serre
953 2711 1083 2779 possent,
1100 2719 1170 2762 sese

167 2800 302 2860 redactos
330 2819 395 2860 esse
422 2801 564 2862 dixemnt.
614 2801 700 2874 Quos
724 2801 841 2874 Caesar,
865 2810 897 2860 ut
924 2802 955 2860 in
978 2800 1102 2860 miseros
1130 2818 1165 2858 ac

167 2898 312 2975 supplices
332 2918 404 2960 usus
422 2900 620 2962 misericordia
638 2900 789 2972 videretur,
809 2901 1028 2978 diligentissime
1047 2917 1165 2959 conser-

167 2999 242 3058 vavit
269 2999 388 3076 suisque
412 3001 520 3060 finibus
548 3010 635 3078 atque
660 3001 777 3077 oppidis
805 3000 846 3060 uti
873 3001 956 3060 iussit
983 3011 1013 3061 et
1036 3001 1165 3060 finitimis

166 3097 325 3175 imperavit,
338 3107 370 3157 ut
384 3099 422 3156 ab
435 3098 537 3158 iniuria
550 3108 579 3158 et
592 3097 734 3158 mueficio
749 3117 781 3158 se
795 3117 924 3176 suosque
937 3099 1137 3176 prohiberent.

123 3219 155 3270 3⁰
209 3201 262 3257 29.
283 3195 437 3266 Aduatuci,
453 3197 492 3256 de
511 3198 616 3274 quibus
638 3197 919 3274 suprascripsimus,
940 3215 1008 3256 curn
1025 3197 1173 3256 omnibus·

167 3294 260 3369 copiis
281 3294 389 3354 auxilio
404 3293 518 3354 Nerviis
531 3295 668 3368 venirent,
682 3295 738 3355 hac
751 3314 852 3372 pugna
865 3297 996 3355 nuntiata
1010 3313 1047 3354 ex
1060 3296 1172 3354 itinere·

168 3390 289 3450 domum
303 3400 496 3466 reverterunt;
519 3394 630 3453 cunctis
644 3394 759 3470 oppidis
769 3394 953 3472 ‘castellisque
968 3394 1089 3454 desertis
1111 3411 1170 3454 sua

168 3489 268 3548 omnia
295 3491 326 3550 in
352 3507 445 3552 unum
472 3491 615 3570 oppidum
642 3493 758 3574 egregie
786 3504 889 3555 natura
919 3493 1064 3554 munitum
1092 3511 1168 3554 con·
