2650 3918
117 205 234 272 7.-11.
293 186 294 189 ’
366 205 544 257 narrato
568 205 926 260 GALLJcocoMM.1V.
1074 197 1118 282 69

115 355 163 416 Ne
182 358 213 417 id
231 359 351 436 quidem
371 360 480 422 Caesar
499 365 538 422 ab
557 381 589 422 se
608 363 755 440 impetrari
774 381 864 441 posse
875 362 958 423 dinit.v
997 363 1118 441 Cogno·

114 466 194 515 verat
215 459 293 516 enim
314 478 454 537 magnam
474 471 587 538 partem
607 463 750 539 equitatus
771 463 809 522 ab
829 463 864 520 iis
885 463 995 539 aliquot
1015 462 1117 522 diebus

115 564 182 613 ante
203 558 363 632 praedandi
384 560 636 638 frumentandique
655 579 743 621 causa
764 561 801 619 ad
822 560 1018 620 Ambivaritos
1037 571 1117 620 trans

115 651 234 713 Mosam
255 656 392 730 missam;
414 657 469 718 hos
487 661 647 736 exspectari
661 660 773 737 equites
792 669 879 735 atque
893 660 955 718 eius
973 660 1014 717 rei
1029 678 1117 720 causa

114 769 229 812 moram
243 754 391 832 interponi
402 757 598 816 arbitrabatur.
1129 770 1143 820 5

154 857 204 910 10.
227 851 315 911 Mosa
337 854 455 931 profluit
476 873 513 913 ex
536 865 639 914 monte
661 855 794 933 Vosego,
818 856 867 932 qui
892 855 986 914 estin
1008 855 1115 914 tinibus

114 947 294 1026 Lingonum,
309 961 338 1010 et
357 963 438 1028 parte
458 953 584 1031 quadam
603 971 640 1012 ex
659 953 767 1012 Rheno
785 964 910 1030 recepta,
925 972 1000 1030 quae
1015 953 1116 1030 appel·

113 1049 187 1107 latur
200 1049 336 1121 Vacalus
351 1051 475 1111 insulam
489 1052 575 1112 efficit
588 1052 771 1128 Batavorum,
786 1071 882 1129 neque
895 1052 1011 1128 longius
1025 1053 1063 1110 ab
1078 1069 1114 1110 eo

11 1223 13 1232 1
112 1147 228 1207 milibus
249 1167 388 1226 passuum
410 1167 493 1208 uxxx
514 1151 545 1208 in
564 1149 718 1210 Oceanum
736 1151 838 1212 influit.
880 1150 1002 1209 Rhenus
1017 1159 1115 1209 autem

32 1276 34 1279 ·
113 1247 203 1304 oritur
221 1265 258 1304 ex
278 1246 504 1325 LepontiiS,.qui
523 1249 613 1325 Alpes
633 1248 773 1320 incolunt,
788 1259 817 1308 et
835 1249 927 1326 longo
948 1249 1042 1326 spatio
1062 1264 1159 1325 perro

112 1343 186 1404 fines
195 1342 395 1430 Nantuatium,
405 1345 618 1419 Helvetiorum,
629 1346 840 1424 Sequanorum,
850 1347 1113 1418 Mediomatricum‚

113 1441 318 1516 Tribocorum,
339 1443 534 1504 Treverorum
556 1446 658 1504 citatus
678 1445 768 1505 fertur
788 1457 825 1517 et,
847 1448 897 1505 ubi
919 1446 1042 1507 Oceano
1064 1465 1114 1524 ap-

111 1542 324 1617 propinquavit,
347 1543 378 1600 in
401 1543 499 1620 plures
524 1543 623 1602 defluit
646 1553 743 1621 partes
768 1545 865 1603 multis
889 1546 1114 1622 ingentibusque

111 1639 211 1698 insulis
232 1639 352 1710 effectis,
374 1659 497 1717 quarum
517 1660 584 1718 pars
605 1658 714 1718 magna
731 1661 749 1700 a
768 1642 835 1702 feris
855 1629 1042 1718 barbarisque
1061 1660 1114 1700 na-

111 1738 240 1797 tionibus
261 1740 403 1812 incolitur,
427 1741 592 1817 exquibus
617 1751 692 1813 sunt,
717 1742 766 1819 qui
789 1727 1025 1818 piscibussatque
1050 1742 1113 1800 ovis
1128 1755 1157 1804 15

111 1838 207 1896 avium
228 1839 323 1898 vivere
343 1841 550 1910 existimantur,
568 1840 723 1916 multisque
745 1840 887 1916 capitibus
907 1841 938 1897 in
959 1838 1112 1898 Oceanum

110 1935 212 1995 influit.
580 1921 582 1927 ’

150 2039 194 2094 11.
216 2033 405 2094 Caesareum
419 2037 457 2094 ab
468 2035 552 2094 hoste
566 2003 629 2106 ndu
643 2035 767 2110 amplius
782 2053 922 2112 passuum
936 2051 982 2092 x11
996 2035 1112 2094 milibus

109 2133 234 2203 abesset,
251 2143 283 2191 ut
302 2142 362 2191 erat
383 2122 580 2214 constitutum,
596 2129 633 2192 a‘d
652 2151 720 2191 eum
738 2133 825 2209 legati
844 2143 1039 2202 revertuntur;
1061 2133 1113 2208 qui

109 2231 139 2288 in
163 2231 266 2291 itinere
289 2231 438 2307 congressi
462 2249 651 2308 magnopere,
674 2250 712 2291 ne
739 2231 855 2308 longius
879 2229 1110 2308 progrederetur,
1127 2255 1157 2290 ro

108 2330 241 2388 orabant.
284 2328 361 2388 Cum
388 2330 418 2388 id
441 2349 481 2389 no
527 2331 736 2408 impetrassent,
754 2331 900 2406 petebant,
925 2331 966 2387 uti
993 2330 1031 2388 ad
1059 2348 1111 2390 eos

108 2428 231 2504 equites,
245 2430 296 2504 qui
310 2447 418 2504 agmen
437 2350 668 2500 anddedstssent
680 2429 875 2505 praemitteret
887 2447 996 2504 eosque
1011 2447 1112 2506 pugna

107 2526 284 2602 prohiberet,
306 2528 417 2604 sibique
441 2538 474 2587 ut
501 2536 676 2605 potestatem
697 2527 804 2586 faceret
825 2529 855 2586 in
876 2527 970 2587 Ubios
999 2527 1111 2604 legatos

107 2627 259 2698 mittendi;
281 2645 406 2703 quorum
430 2628 454 2686 si
478 2628 623 2703 principes
646 2645 680 2685 ac
705 2636 823 2686 senatus
848 2628 902 2687 sibi
926 2627 1111 2709 iureiurando

107 2724 198 2784 fidem
222 2725 345 2797 fecisset,
368 2744 403 2784 ea
427 2725 610 2797 condicione,
634 2729 709 2801 quae
734 2743 752 2783 a
777 2724 902 2784 Caesare
926 2725 1056 2797 ferretur,
1078 2744 1110 2784 se
1125 2749 1161 2800 ²5*

107 2843 215 2884 usuros
243 2825 452 2883 ostendebant:
481 2824 519 2883 ad
546 2823 599 2884 has
633 2841 679 2882 res
711 2825 910 2883 conficiendas
941 2825 996 2883 sibi
1023 2825 1111 2883 tridui

107 2924 236 3001 spatium
264 2913 388 2982 darett
396 2923 481 2982 Haec
504 2924 604 2981 omnia
628 2921 736 2981 Caesar
761 2923 866 2982 eodem
890 2924 939 2982 illo
967 2924 1109 3000 pertinere

85 3023 307 3086 arbitrabatur,
331 3001 363 3080 u't
386 3021 472 3080 tridui
496 3039 580 3079 mora
605 3021 773 3096 interposita
793 3022 905 3098 equites
926 3040 1037 3094 eorum,
1060 3023 1109 3098 qui

11 3151 14 3166 ›
106 3123 253 3190 abessent,
281 3129 489 3178 reverterentur
496 3139 504 3192 ;
540 3129 638 3178 tamen
666 3137 730 3178 sese
758 3137 819 3178 non
850 3120 966 3196 longius
993 3119 1109 3178 milibus

105 3236 248 3295 passuum
259 3227 396 3295 quattuor
411 3219 574 3294 aquationis
588 3235 676 3277 causa
690 3235 893 3293 processurum
908 3237 945 3277 eo
960 3219 1006 3277 die
1021 3217 1107 3291 dixit;
1123 3235 1154 3284 30

104 3316 162 3377 huc
176 3325 297 3394 postero
310 3316 359 3390 die
374 3334 462 3392 quam
473 3317 695 3394 frequentissimi
710 3319 905 3387 convenirent,
916 3326 948 3375 ut
959 3317 995 3374 de
1006 3333 1108 3374 eorum

105 3417 261 3494 postulatis
290 3425 492 3490 cognosceret.
548 3415 670 3474 Interim
698 3415 735 3474 ad
763 3415 935 3532 ppqegectos,
963 3414 1014 3491 qui
1041 3431 1108 3472 curn

105 3517 188 3576 omni
203 3514 335 3593 equitatu
349 3523 575 3587 antecesserant,
586 3516 680 3589 mittit,
696 3515 745 3592 qui
765 3523 937 3585 nuntiarent,
952 3531 990 3571 ne
999 3512 1109 3572 'hostes
