2630 3916
196 189 239 281 5⁶
440 277 443 288 Ι
495 189 533 261 o.
557 212 650 260 ruarr
671 191 845 260 erasurus
891 205 893 210 ’
1119 201 1121 209 “
1145 211 1197 261 ιιι.

194 359 390 437 recipiebant:
423 341 464 420 ibi
499 380 531 424 se
566 379 664 422 rursus
705 362 799 421 isdem
833 359 1100 438 opportunitatibus
1140 347 1199 420 loci

195 458 399 519 defendebant.
441 458 528 521 Haec
547 428 616 521 “etii
627 461 738 520 facilius
771 478 911 537 magnam
938 423 1052 536 pariim
1081 460 1198 550 aestatis

194 555 347 631 faciebant,
372 559 454 636 quod
481 570 599 619 nostrae
623 577 712 636 naves
739 558 959 635 tempestatibus
988 557 1199 634 detinebantur,

93 709 99 727 ,
194 673 367 734 summaque
388 668 450 717 erat
473 668 556 717 vasto
578 667 665 735 atque
688 668 790 734 aperto
812 621 904 728 ririii!
920 657 1035 732 magnis
1059 638 1197 728 aestibus:

167 731 271 820 stari?
294 773 328 815 ac
355 775 448 833 prope
476 757 563 816 nullis
592 757 733 834 portibus,
763 755 915 815 difficultas
943 753 1107 831 navigandi
1150 761 1197 816 1³.

194 851 330 931 Namque
351 855 482 932 ipsorum
498 873 588 914 naves
608 856 646 916 ad
665 854 743 914 hunc
756 855 880 913 modum
898 852 992 913 sactae
1012 862 1197 931 armataeque

192 962 289 1011 erant:
312 955 426 1013 carinae
445 915 592 1030 aliqiiinto
612 955 758 1030 planiores
776 970 865 1030 quam
885 960 1050 1010 nostrarum
1070 953 1198 1024 navium,

192 1068 252 1128 quo
266 1051 378 1112 facilius
389 1052 462 1112 vada
476 1071 511 1112 ac
523 1044 677 1112 decessum
691 1062 788 1111 aestus
802 1051 936 1127 excipere
947 1012 1080 1126 pbiiinu
1092 1067 1197 1126 prorae

192 1148 354 1209 admodum
388 1117 501 1210 eieiiae
530 1161 617 1228 atque
644 1151 715 1208 item
747 1167 864 1226 puppes
896 1149 935 1208 ad
962 1148 1197 1250 magnitudinerp

150 1261 180 1297 10
192 1247 333 1306 fluctuum
347 1258 610 1328 tempestatumque
625 1248 883 1322 accommodatae;
906 1267 995 1307 naves
1010 1257 1087 1306 totae
1101 1209 1196 1306 fabiae

192 1363 229 1402 ex
256 1348 361 1406 robore
385 1348 424 1406 ad
448 1349 580 1425 quamvis
604 1348 665 1406 vim
692 1356 720 1407 et
743 1346 950 1446 contumequm
974 1318 1195 1423 perferendam}

191 1453 315 1502 transtra
328 1445 479 1521 pedalibus
490 1447 520 1504 in
532 1465 549 1520 a
572 1445 712 1504 'tudinem
723 1415 797 1504 tribr
808 1414 836 1503 *u
867 1407 985 1504 conixa
995 1444 1083 1503 clavis
1097 1443 1195 1502 ferreis

191 1505 618 1627 dqgtupourciscmisitid1n23
639 1561 764 1602 ancorae
774 1562 828 1621 pro
840 1542 1070 1603 funibus‘serreis
1085 1509 1195 1601 cbieiiis

191 1639 351 1700 revinctae:
372 1641 462 1717 pelles
480 1660 535 1718 pro
554 1641 625 1700 velis
642 1642 795 1718 alutaeque
817 1642 941 1700 tenuiter
960 1642 1119 1712 confectae,
1135 1641 1194 1699 sive

149 1733 310 1815 rbpropter
334 1737 384 1797 lini
409 1739 539 1816 inopiam
563 1749 651 1816 atque
676 1740 738 1798 eius
759 1757 828 1798 usus
849 1741 1043 1812 inscientiam,
1066 1741 1125 1800 sive
1147 1757 1193 1810 eo,

191 1837 271 1913 quod
288 1847 334 1897 est
352 1839 448 1915 magis
468 1838 631 1906 verisimile,
654 1838 735 1916 quod
755 1847 851 1898 tantas
871 1848 1060 1914 tempestates
1081 1837 1195 1898 Oceani

190 1946 346 2015 tantosque
360 1937 485 2017 impetus
506 1948 660 1996 ventorum
680 1937 814 1997 sustineri
827 1956 861 1996 ac
876 1947 957 1997 tanta
973 1956 1064 1997 onera
1078 1938 1196 1997 navium

189 2037 251 2113 regi
265 2038 335 2097 velis
353 2056 415 2097 non
429 2038 497 2098 satis
518 2037 675 2097 commode
690 2055 779 2114 posse
798 2037 1015 2100 arbitrabantur.
1059 2036 1136 2096 Cum
1151 2038 1196 2098 his

190 2135 311 2195 navibus
339 2145 457 2196 nostrae
485 2136 569 2195 classi
597 2135 743 2194 eiusmodi
771 2107 951 2211 congressui
978 2144 1048 2206 erat,
1076 2145 1109 2194 ut
1136 2155 1197 2196 una

147 2248 178 2283 20
191 2233 334 2292 celeritate
348 2233 380 2292 et'
389 2236 475 2310 pulsu
488 2253 635 2294 remorum
648 2231 823 2312 praestareis
830 2234 941 2311 reliqua
954 2251 1006 2309 pro
1021 2232 1078 2292 loci
1092 2243 1195 2293 natura

190 2349 244 2406 pro
266 2331 293 2388 vi
313 2341 519 2408 tempestatum
539 2332 594 2392 illis
615 2343 714 2391 essent
735 2333 849 2408 aptiora
868 2341 897 2390 et
917 2331 1232 2476 accommodatioraN

190 2426 296 2508 Neque
314 2430 393 2488 enim
410 2430 455 2489 his
477 2441 595 2490 nostrae
615 2440 710 2489 rostro
728 2448 834 2489 nocere
848 2440 981 2506 poterant
1001 2429 1094 2509 (tanta
1111 2431 1194 2490 iniis

189 2536 250 2586 erat
264 2524 433 2607 firmitudo),
448 2547 544 2605 neque
558 2540 677 2605 propter
690 2528 871 2589 altitudinem
884 2528 968 2589 facile
982 2528 1072 2588 telum
1086 2529 1196 2588 adicie-

188 2627 281 2698 batur,
301 2635 330 2685 et
346 2627 451 2686 eadem
471 2627 508 2686 de
525 2645 613 2686 eausa
635 2628 731 2686 minus
753 2627 911 2687 commode
930 2627 1043 2704 copulis
1063 2629 1194 2688 contine-

146 2740 175 2789 25
188 2725 301 2784 bantur.
343 2725 518 2796 Accedebat,
540 2737 580 2797 ut,
603 2743 671 2784 cum
691 2726 799 2785 saevire
819 2735 920 2784 ventus
942 2726 1088 2802 coepisset
1109 2736 1137 2785 et
1159 2744 1192 2786 se
1271 2751 1274 2756 ·

188 2832 275 2882 vento
298 2824 455 2896 dedissent,
477 2833 505 2882 et
527 2832 731 2900 tempestatem
751 2825 859 2883 ferrent
879 2824 991 2913 facilius
1011 2834 1039 2883 et
1060 2826 1090 2883 in
1111 2825 1193 2884 vadis

187 2922 381 2982 consisterent
396 2925 493 2995 tutius,
513 2932 542 2982 et
562 2924 600 2982 ab
621 2934 705 2982 aestu
724 2924 839 2982 relictae
860 2916 1022 2982 nihil‘saxa
1043 2933 1073 2982 et
1092 2934 1193 2984 cautes

187 3021 322 3079 timerent
332 3041 340 3094 ;
363 3040 486 3099 quarum
502 3040 597 3081 rerum
612 3023 745 3081 omnium
764 3021 869 3081 nostris
887 3023 1008 3081 navibus
1027 3041 1113 3082 casus
1132 3033 1194 3082 erat

188 3120 429 3179 extimescendus.
471 3126 519 3179 14.
541 3120 747 3197 Compluribus
761 3122 932 3197 expugnatis
946 3120 1063 3197 oppidis
1074 3120 1194 3201 Caesar,

90 3233 101 3248 ‘·
144 3231 175 3281 30
184 3218 238 3275 ubi
260 3218 398 3277 intellexit
421 3218 525 3278 frustra
549 3229 662 3277 tantum
682 3219 812 3278 laborem
835 3220 919 3292 sumi,
943 3215 1039 3296 neque
1063 3219 1194 3279 hostium

187 3313 288 3392 fugam
307 3316 400 3392 captis
421 3316 538 3392 oppidis
558 3317 676 3393 reprimi
690 3336 786 3395 neque
807 3319 843 3377 iis
862 3294 1079 3394 nocerinosse,
1094 3321 1195 3378 statuit

188 3415 418 3488 exspectandam
439 3415 570 3474 classem.
612 3415 698 3487 Quae
718 3417 768 3476 ubi
790 3419 926 3478 convenit
947 3434 981 3475 ac
1002 3416 1130 3494 primum
1154 3419 1194 3477 ab

188 3506 319 3569 hostibus
346 3513 408 3573 visa
432 3523 484 3584 est,
513 3513 623 3575 circiter
644 3531 721 3575 ccxx
744 3533 834 3576 naves
862 3533 963 3576 eorum
991 3515 1193 3592 paratissimae
