2630 3916
122 217 260 284 24—29.
304 191 305 194 ’
343 212 417 259 ,οε
437 211 550 260 narro
573 211 725 262 aninmo
747 212 858 262 comm.
880 213 934 265 111.
1081 199 1122 286 63

120 363 249 424 hostium
268 363 370 422 castris
391 357 589 434 constiterunt,
612 381 701 440 quarn
721 363 808 440 plane
829 365 867 422 ab
887 363 932 423 his
953 364 1042 424 videri
1064 375 1122 437 aut,

120 459 192 541 quid
211 461 253 520 rei
271 470 428 538 gereretur,
445 462 589 538 cognosci
608 472 717 538 posset.
759 461 840 521 Tum
859 481 928 522 vero
941 464 1071 523 clamore
1086 463 1123 526 ab

120 575 156 622 ea
170 571 252 637 parte
270 559 371 618 audito
389 562 483 619 nostri
503 560 705 638 redintegratis
723 559 839 633 viribus,
859 563 939 639 quod
952 562 1123 640 plerumque

120 661 151 718 in
176 678 229 737 spe
253 660 390 718 victoriae
413 659 544 719 accidere
566 661 725 733 consuevit,
749 657 842 720 acrius
864 662 1034 738 impugnare
1056 679 1124 720 coe·

120 769 235 839 perunt.
288 757 398 817 Hostes
424 758 556 838 undique
585 759 771 818 circumventi
798 759 970 837 desperatis·
985 761 1152 826 omnibuss

121 860 209 919 rebus
223 875 255 916 se
270 875 323 933 per
337 857 515 916 munitiones
527 857 642 917 deicere
657 867 686 916 et
699 855 768 933 fuga
779 858 901 918 salutern
915 867 1014 934 petere
1028 859 1124 918 inten-

122 960 235 1019 derunt.
276 955 363 1028 Quos
379 957 526 1034 equitatus
546 955 735 1032 apertissimis
758 957 870 1033 campis
885 966 1070 1016 consectatus
1087 976 1124 1015 ex
1176 989 1182 1006 ι

122 1057 235 1116 milium
246 1057 415 1126 Lnumero,
427 1071 502 1130 quae
511 1073 547 1112 ex
559 1054 717 1131 Aquitania
729 1053 940 1132 Cantabrisque
951 1057 1124 1115 convenisse

121 1157 285 1228 constabat,
296 1156 347 1213 ,vix
368 1163 470 1230 quarta
486 1151 568 1230 parte
588 1153 688 1213 relicta
708 1153 799 1211 rnulta
819 1163 906 1212 nocte
927 1171 959 1212 se
980 1153 1010 1211 in
1031 1165 1125 1213 castra

122 1255 232 1330 recipit.
275 1261 327 1316 27.
349 1251 417 1312 Hac
445 1253 544 1311 audita
571 1269 672 1328 pugna
699 1251 829 1310 maxima
856 1267 923 1329 pars
951 1253 1124 1328 Aquitaniae
1140 1267 1171 1302 10
1238 1289 1249 1305 ι

123 1370 188 1411 sese
209 1351 316 1412 Crasso
336 1351 447 1410 dedidit
465 1350 642 1426 obsidesque
661 1350 737 1408 ultro
756 1351 851 1423 misit3
875 1368 934 1427 quo
954 1352 985 1408 in
1002 1367 1125 1410 numero

123 1450 239 1510 fuerunt
267 1450 405 1520 Tarbelli,
433 1447 626 1525 Bigerriones,
655 1448 768 1520 Ptianii,
792 1447 929 1519 VocateS‚
958 1449 1125 1518 Tarusates

123 1549 266 1620 Elusates,
293 1548 405 1619 Getes,
439 1547 592 1618 Garumni,
620 1545 779 1619 Sibuzates,
807 1546 986 1607 Cocosates:
1014 1566 1127 1624 paucae

123 1649 241 1708 ultimae
256 1649 389 1706 nationes
409 1647 479 1705 anni
497 1655 628 1721 ternpore
643 1645 780 1718 confisae,
795 1646 875 1722 quod
893 1646 987 1705 hiems
1002 1647 1125 1715 suberat,

123 1747 182 1807 hoc
195 1747 292 1806 facere
306 1746 505 1822 neglexerunt.
760 1818 763 1824 Ι
1142 1756 1171 1806 15

166 1853 220 1906 28.
242 1845 359 1904 Eodem
380 1843 439 1902 fere
463 1853 596 1920 tempore
617 1843 734 1916 Caesar,
755 1843 808 1902 etsi
829 1861 920 1920 prope
941 1853 1044 1902 exacta
1068 1844 1126 1901 iam

124 1955 219 2005 aestas
238 1953 307 2014 erat,
326 1952 434 2014 tamen,
453 1943 534 2020 quod
553 1943 634 2001 omni
655 1942 749 2002 Gallia
769 1953 873 2020 pacata
893 1941 1001 2000 Morini
1022 1942 1126 2000 Mena·
1163 1978 1165 1983 -

123 2044 222 2120 piique
237 2033 415 2118 supererant,
427 2042 476 2118 qui
490 2042 521 2099 in
532 2043 619 2100 armis
630 2050 728 2100 essent
742 2060 837 2117 neque
852 2041 890 2099 ad
904 2058 972 2098 eum
985 2046 1127 2115 um'quam

119 2142 238 2218 legatos
265 2140 303 2199 de
335 2157 408 2216 pace
436 2139 591 2210 misissent,
621 2140 772 2198 arbitratus
803 2141 833 2198 id
864 2140 972 2198 bellum
1000 2138 1127 2197 celeriter

125 2238 232 2298 confici
252 2255 341 2314 posse
363 2255 400 2296 eo
422 2238 581 2296 exercitum
603 2237 738 2310 adduxit;
761 2238 810 2314 qui
830 2237 920 2313 longe
941 2237 996 2295 alia
1015 2237 1173 2294 rationem

125 2355 159 2395 ac
194 2336 296 2413 reliqui
332 2334 409 2394 Galli
442 2335 551 2394 bellum
585 2353 686 2412 gerere
721 2345 887 2412 coeperunt.
931 2335 1010 2393 Nam
1046 2335 1127 2412 quod

125 2435 333 2510 intellegebant
352 2434 495 2493 maximas
515 2435 657 2506 nationes,
674 2452 749 2510 quae
769 2434 880 2511 proelio
899 2434 1126 2505 contendissent,

125 2534 225 2610 pulsas
250 2542 460 2609 superatasque
484 2547 557 2604 esse,
579 2517 819 2610 continentesque
841 2533 925 2592 silvas
949 2551 984 2591 ac
1005 2532 1127 2610 paludes

125 2630 282 2702 habebant,
308 2649 345 2690 eo
371 2649 402 2689 se
430 2649 540 2707 suaque
569 2632 668 2690 omnia
695 2632 886 2691 contulemnt
929 2632 978 2691 Ad
1006 2649 1128 2708 quarum

126 2731 241 2790 initium
263 2730 399 2788 silvarum
420 2747 488 2788 cum
510 2728 619 2789 Caesar
639 2732 818 2807 pervenisset
838 2742 989 2808 castraque
1016 2733 1128 2790 munire
1144 2751 1173 2800 ²5

125 2828 305 2899 instituisset,
330 2845 425 2903 neque
453 2827 545 2886 hostis
572 2828 687 2886 interim
715 2829 792 2888 visus
820 2841 904 2901 esset,
933 2830 1070 2906 dispersis
1098 2829 1129 2886 in

126 2945 217 3004 opere
237 2927 345 2985 nostris
365 2925 459 2984 subito
479 2945 516 2984 ex
535 2927 673 2986 omnibus
691 2928 820 3005 partibus
839 2928 926 2987 silvae
945 2928 1130 2986 evolavemnt

126 3036 155 3086 et
187 3027 218 3084 in
250 3034 368 3084 nostros
400 3025 541 3101 impetum
569 3025 708 3084 fecerunt.
750 3025 851 3085 Nostri
886 3027 1015 3085 celeriter
1050 3043 1130 3083 arma

127 3135 268 3205 ceperunt
289 3142 400 3200 eosque
421 3125 452 3182 in
474 3124 560 3182 silvas
584 3124 752 3200 repulerunt
772 3134 802 3183 et
822 3125 1019 3202 compluribus
1043 3124 1129 3180 inter-

126 3223 209 3283 iectis
237 3224 354 3299 longius
386 3223 618 3300 impeditioribus
645 3223 717 3282 locis
745 3225 837 3282 secuti
866 3241 977 3302 paucos
1006 3241 1042 3280 ex
1071 3221 1129 3278 suis
1144 3236 1176 3285 3ο

127 3317 361 3400 deperdiderunt.
405 3327 458 3380 29.
480 3320 611 3396 Reliquis
633 3321 771 3398 deinceps
793 3323 895 3380 diebus
917 3320 1025 3380 Caesar
1045 3317 1130 3377 silvas

125 3421 250 3481 caedere
280 3420 410 3488 instituit,
438 3428 467 3477 et
494 3438 532 3477 ne
560 3419 625 3495 quis
653 3420 811 3479 inermibus
841 3417 1131 3496 impmdentibusque

126 3521 267 3580 militibus
279 3520 317 3578 ab
331 3518 420 3576 latere
434 3517 560 3594 impetus
571 3518 632 3576 fieri
642 3528 752 3594 posset,
763 3536 884 3577 omnem
894 3535 960 3575 eam
970 3517 1132 3588 materiam,
1176 3583 1177 3586 Ἴ
