2650 3918
108 220 245 306 32-36.
322 217 339 258 ι’
359 213 556 282 ''ux'nxmo
582 215 735 282 crrrrco
758 213 942 282 conn'rr.
1036 215 1105 280 ‘81
1205 228 1208 236 ’
1295 182 1296 213 ³

107 389 136 444 et
160 385 372 444 exercitatione
393 385 528 458 efficiunt,
553 386 595 444 uti
623 385 654 443 in
683 384 785 444 declivi
812 403 846 443 ac
870 384 1019 464 praecipiti
1042 384 1109 444 loco

107 485 243 542 incitatos
269 500 361 560 equos
386 485 529 542 sustinere
553 493 582 542 et
606 483 685 542 brevi
710 483 853 542 moderari
882 483 916 542 ac
941 483 1056 543 flectere
1081 493 1110 542 et
1153 528 1157 534 .

108 601 161 660 per
182 591 333 642 temonem
354 597 520 659 percurrere
540 593 569 642 et
589 583 619 640 in
640 583 710 659 iugo
731 583 863 642 insistere
885 594 913 642 et
938 601 969 641 se
989 582 1058 641 inde
1078 582 1109 640 in

109 700 210 741 currus
237 681 377 740 citissime
407 683 535 758 recipere
569 683 758 741 consuerint..‹
788 688 841 742 34
873 680 988 754 Quibus
1022 683 1109 740 rebus

109 780 282 858 perturbatis
301 781 407 840 nostris
426 781 552 839 novitate
573 799 690 858 pugnae
708 792 841 858 tempore
860 779 1108 858 opportunissimo
1124 798 1137 846 5

110 878 219 938 Caesar
247 879 384 936 auxilium
408 879 486 939 tulit:
518 898 645 956 namque
670 881 732 940 eius
760 863 886 940 adventu
909 879 1009 938 hostes
1038 897 1108 938 con-

110 978 251 1048 stiterunt,
277 979 368 1037 nostri
394 997 427 1037 se
456 996 493 1036 ex
520 980 624 1038 timore
652 988 832 1056 receperunt.
875 978 944 1052 Quo
969 977 1047 1036 iacto
1072 975 1111 1037 ad

109 1076 312 1135 lacessendum
336 1087 366 1135 et
390 1075 427 1134 ad
452 1078 695 1138 committendum
721 1078 864 1155 proelium
892 1077 1018 1136 alienum
1044 1094 1110 1136 esse

101 1185 226 1252 vtempus
250 1175 401 1234 arbitratus
427 1193 480 1234 suo
506 1195 537 1236 se
561 1177 629 1235 loco
655 1177 797 1236 continuit
822 1186 850 1236 et
874 1176 953 1236 brevi
977 1184 1110 1252 tempore

110 1273 276 1332 intermisso
296 1275 326 1332 in
347 1284 441 1333 castra
460 1275 592 1351 legiones
613 1276 733 1334 reduxit.
776 1275 857 1334 Dum
874 1273 948 1334 haec
964 1283 1157 1352 genmtur‚'10

110 1374 219 1432 nostris
236 1374 371 1432 omnibus
385 1374 543 1450 occupatis
557 1375 607 1450 qui
622 1384 702 1432 erant
716 1375 747 1431 in
761 1374 836 1450 agris
853 1373 954 1450 reliqui
969 1373 1110 1432 discesse-

110 1483 186 1531 runt.
231 1471 353 1530 Secutae
375 1482 442 1534 sunt
464 1473 620 1531 continuos
642 1472 806 1548 complures
832 1473 893 1531 dies
914 1481 1110 1548 tempestates,

112 1590 188 1650 quae
209 1581 238 1629 et
259 1580 376 1630 nostros
397 1570 427 1628 in
448 1571 548 1629 castris
570 1573 753 1630 continerent
778 1580 807 1631 et
830 1571 946 1630 hostem
970 1589 987 1630 a
1011 1589 1112 1648 pugna

111 1671 306 1747 prohiberent.
349 1669 472 1728 Interim
509 1670 622 1728 barbari
657 1671 776 1729 nuntios
811 1669 841 1727 in
875 1687 980 1728 omnes
1015 1679 1112 1745 partes

112 1768 283 1829 dimiserunt
310 1768 543 1844 paucitatemque
572 1778 738 1827 nostrorum
766 1769 890 1853 militum
914 1769 973 1827 suis
997 1768 1112 1846 praedi·
1128 1785 1156 1836 15

112 1847 258 1939 caverunt,
279 1877 316 1937 et,
335 1875 444 1943 quanta
463 1867 588 1944 praedae
609 1866 759 1926 faciendae
780 1876 866 1944 atque
888 1867 918 1924 in
939 1875 1112 1943 perpetuum

112 1967 157 2025 sui
171 1965 312 2024 liberandi
325 1965 445 2024 facultas
456 1963 582 2038 daretur,
597 1966 621 2024 si
640 1965 794 2024 Romanos
808 1965 907 2023 castris
925 1964 1112 2041 expulissent,

113 2067 394 2126 demonstraverunt.
437 2065 495 2124 His
523 2066 609 2124 rebus
638 2064 767 2123 celeriter
794 2082 902 2140 magna
929 2063 1112 2122 multitudine

113 2164 259 2240 peditatus
274 2164 474 2241 equitatusque
485 2173 586 2222 coacta
597 2163 635 2221 ad
645 2172 738 2220 castra
748 2171 912 2230 venerunt,
932 2168 985 2222 35.
1000 2161 1108 2221 Caesar

113 2265 167 2322 etsi
188 2263 276 2334 idem,
293 2263 374 2340 quod
395 2263 591 2340 superioribus
613 2262 715 2321 diebus
736 2262 887 2334 acciderat,
907 2261 969 2320 fore
990 2262 1113 2335 videbat,
1127 2276 1158 2310 20

113 2372 154 2433 ut,
180 2361 205 2420 si
231 2371 328 2420 essent
352 2361 453 2420 hostes
479 2361 562 2437 pulsi,
587 2361 733 2420 celeritate
757 2360 918 2437 periculum
942 2361 1112 2438 effugerent,

113 2469 212 2518 tamen
232 2469 334 2518 nactus
356 2460 467 2536 equites
488 2459 600 2518 circiter
621 2477 689 2531 xxx,
709 2476 784 2534 quos
804 2457 957 2518 Commius
978 2459 1113 2532 Atrebas,

114 2558 151 2617 de
180 2575 240 2634 quo
268 2568 336 2616 ante
364 2558 473 2618 dictum
501 2569 555 2629 est,
580 2576 680 2616 secum
708 2567 959 2634 transportaverat,
984 2557 1113 2634 legiones

113 2657 144 2714 in
173 2657 235 2715 acie
263 2674 317 2732 pro
346 2657 445 2716 castris
473 2657 628 2715 constituit.
672 2655 839 2716 Commisso
867 2657 979 2732 proelio
1007 2657 1114 2726 diutius

114 2765 283 2814 nostrorum
303 2755 425 2813 militum
446 2755 588 2831 impetum
608 2755 708 2813 hostes
728 2754 801 2814 ferre
823 2773 884 2813 non
905 2764 1059 2831 potuerant
1080 2773 1114 2813 ac
1129 2773 1157 2823 ²⁵

115 2863 198 2928 terga
224 2861 376 2911 verterunt.
418 2851 504 2924 Quos
525 2862 606 2912 tanto
628 2853 721 2929 spatio
746 2855 845 2925 secuti,
867 2865 1008 2930 quantum
1029 2871 1115 2912 cursu

115 2960 144 3010 et
168 2951 276 3010 viribus
300 2951 413 3010 efficere
436 2961 600 3027 potuerunt,
625 2951 790 3027 complures
815 2971 852 3010 ex
879 2953 914 3011 iis
938 2953 1114 3022 occiderunt,

116 3050 223 3108 deinde
238 3049 377 3109 omnibus
393 3049 481 3126 longe
495 3050 610 3125 lateque
627 3049 764 3108 aedificiis
780 3051 908 3111 incensis
927 3070 958 3110 se
972 3055 1002 3111 in
1021 3062 1115 3112 castra

116 3158 294 3224 receperunt.
338 3154 390 3208 36.
412 3148 527 3206 Eodem
555 3148 602 3206 die
630 3148 717 3224 legati
744 3149 781 3207 ab
808 3149 941 3210 hostibus
969 3152 1049 3209 missi
1076 3150 1114 3208 ad

117 3246 274 3306 Caesarem
289 3246 326 3304 de
337 3265 410 3323 pace
424 3255 571 3304 venerunt.
614 3244 671 3304 His
683 3245 791 3306 Caesar
804 3267 957 3307 numerum
968 3247 1113 3320 obsidum,
1126 3261 1158 3312 30

117 3363 205 3420 quem
226 3354 312 3402 antea
332 3345 530 3419 imperaverat,
552 3345 706 3420 duplicavit
730 3363 839 3422 eosque
864 3347 894 3403 in
916 3345 1115 3404 continentem

117 3443 223 3502 adduci
237 3443 329 3514 iussit,
344 3443 425 3517 quod
439 3443 603 3520 propinqua
617 3443 663 3501 die
674 3445 847 3520 aequinoctii
860 3442 978 3501 infirmis
993 3443 1115 3504 navibus

117 3541 206 3600 hiemi
242 3541 470 3620 navigationem
494 3541 693 3600 subiciendam
724 3560 785 3601 non
817 3539 1005 3601 existimabat.
1047 3541 1115 3619 Ipse

609 3656 629 3698 o
