2650 3918
137 192 273 270 14—16.
350 205 527 256 1111110
550 205 701 258 1111111
723 206 833 256 coum
860 205 906 257 11.
1068 207 1126 254 121

134 356 215 415 multi
244 357 275 416 in
303 357 483 436 disciplinam
512 361 686 420 conveniunt
714 370 742 420 et
770 379 788 419 a
815 357 982 437 parentibus
1010 354 1129 432 propin·

133 455 257 531 quisque
271 457 429 516 mittuntur.
472 457 617 535 Magnum
630 460 670 517 ibi
687 476 840 517 numerum
854 473 988 515 versuum
1002 453 1129 512 ediscere

133 553 275 612 dicuntur.
317 555 419 632 Itaque
437 575 532 616 annos
551 557 684 616 nonnulli
703 553 819 615 vicenos
840 556 870 613 in
891 553 1043 630 disciplina
1064 569 1129 627 per·

132 659 261 711 manent.
303 651 407 729 Neque
435 654 479 713 sas
507 674 571 714 esse
599 657 764 714 existimant
792 666 827 713 ea
853 652 952 711 litteris
980 649 1127 718 mandare,

132 749 252 806 cumin
277 751 394 827 reliquis
419 752 478 811 fere
506 755 601 824 rebus,
623 754 745 830 publicis
770 753 944 829 privatisque
969 747 1157 806 rationibust

133 843 253 905 Graecis
267 848 367 907 litteris
380 860 504 911 utantur.
547 851 674 964 Idm&e
597 852 667 909 mihi
704 853 797 910 uabus
812 852 848 910 de
863 849 957 908 causis
972 844 1129 905 instituisse

131 942 271 1016 videntur,
297 946 378 1022 quod
401 966 495 1024 neque
523 949 554 1007 in
577 917 709 1026 vulgum
720 948 899 1024 disciplinam
924 945 1017 1004 efferri
1041 940 1128 999 velint

102 1059 240 1162 Ρ1111111
252 1061 312 1114 eos,
342 1046 391 1122 qui
419 1047 542 1119 discunt,
567 1049 666 1107 litteris
691 1029 819 1107 eoniisos
846 1047 943 1104 minus
969 1041 1128 1101 memoriae

102 1099 282 1200 ‘''du‘tlardl
230 1127 367 1220 d3quo'd
385 1145 444 1204 fere
463 1148 607 1224 plerisque
627 1147 737 1218 accidit,
756 1157 788 1205 ut
806 1143 951 1224 praesidio
970 1143 1127 1202 litterarum

131 1239 308 1314 diligentiam
321 1243 352 1300 in
363 1245 556 1320 perdiscendo
568 1264 602 1304 ac
616 1246 787 1304 memoriam
801 1245 955 1304 remittant
992 1239 1126 1317 Imprim·
1143 1253 1174 1289 10

130 1337 154 1395 is
177 1337 235 1397 hoc
255 1340 356 1398 volunt
375 1344 556 1418 persuadere,
576 1361 637 1402 non
658 1344 772 1402 interire
791 1343 910 1413 animas,
933 1341 986 1400 sed
1006 1341 1044 1398 ab
1065 1338 1126 1396 aliis

129 1447 198 1512 post
211 1447 337 1498 mortem
351 1443 473 1500 transire
486 1442 524 1500 ad
538 1443 620 1514 alios,
631 1453 718 1518 atque
731 1441 788 1502 hoc
802 1443 928 1500 maxime
942 1441 981 1499 ad
994 1441 1127 1498 virtutem

130 1536 249 1594 excitari
269 1543 379 1613 putant,
402 1550 481 1598 metu
502 1541 602 1599 mortis
624 1540 765 1616 neglectu.
807 1539 901 1598 Multa
921 1548 1068 1616 praeterea
1090 1537 1127 1594 de

130 1633 271 1693 sideribus
286 1621 371 1712 atque
383 1655 484 1696 eorum
495 1648 585 1710 motu,
597 1640 633 1698 de
647 1639 749 1698 mundi
763 1657 797 1697 ac
811 1648 949 1697 terrarum
963 1635 1127 1728 magnitud·

130 1732 186 1802 ine,
202 1731 238 1791 de
252 1751 348 1792 rerum
363 1747 473 1808 natura,
488 1737 525 1794 de
540 1737 661 1796 deorum
674 1737 880 1794 immortalium
894 1735 921 1792 vi
935 1753 969 1794 ac
983 1743 1126 1810 potestate
1143 1746 1171 1796 15

130 1830 278 1906 disputant
292 1843 320 1891 et
334 1835 472 1894 iuventuti
489 1837 611 1895 tradunt.
655 1842 702 1895 15.
724 1835 855 1894 Alterum
874 1852 967 1910 genus
986 1843 1030 1891 est
1048 1833 1128 1908 equi-

129 1940 200 1989 tum.
243 1929 294 2003 Hi,
309 1951 377 1992 cum
396 1943 440 1993 est
458 1953 528 1994 usus
548 1943 634 2010 atque
653 1935 770 2011 aliquod
789 1934 897 1992 bellum
916 1932 1016 1990 incidit
1035 1930 1128 2010 (quod

129 2027 275 2100 feretante
295 2029 427 2091 Caesaris
446 2033 602 2092 adventum
621 2032 778 2109 quotannis
797 2030 926 2089 accidere
947 2030 1066 2099 solebat,
1085 2029 1127 2086 uti

129 2136 179 2184 aut
197 2121 253 2202 ipsi
272 2129 389 2189 iniurias
408 2130 546 2189 inferrent
564 2139 613 2188 aut
631 2131 722 2189 illatas
736 2129 959 2206 propulsarent),
974 2145 1078 2186 omnes
1096 2127 1127 2184 in

130 2224 205 2282 bello
224 2238 382 2298 versantur,
397 2237 484 2305 atque
499 2247 601 2288 eorum
615 2238 646 2288 ut
661 2229 782 2305 quisque
797 2237 841 2286 est
855 2245 962 2304 genere
976 2227 1126 2303 copiisque
1143 2242 1173 2276 ao

129 2323 333 2400 amplissimus,
359 2327 398 2386 ita
421 2327 562 2404 plurimos
587 2329 695 2387 circum
720 2346 751 2386 se
774 2329 925 2386 ambactos
949 2327 1127 2405 clientesque

129 2423 225 2483 habet
268 2423 358 2485 Hane
382 2444 472 2484 unam
496 2429 618 2503 gratiam
642 2427 860 2544 potentiamque
885 2437 1036 2485 novemnt
1078 2432 1126 2484 16.

128 2494 218 2582 1111110
247 2533 291 2582 est
319 2525 415 2582 omnis
440 2523 589 2583 Gallorum
618 2499 776 2584 adrimdirm
805 2525 902 2584 dedita
928 2525 1126 2601 religionibus,

128 2631 216 2699 atque
241 2623 281 2681 ob
305 2641 370 2681 eam
394 2641 512 2682 causam
534 2625 583 2700 qui
607 2633 674 2682 sunt
695 2623 790 2683 affecti
814 2625 992 2699 gravioribus
1016 2623 1127 2682 morbis

129 2721 238 2797 quique
262 2721 292 2778 in
316 2721 433 2798 proeliis
458 2722 649 2798 periculisque
674 2733 831 2793 versantur,
853 2731 902 2781 aut
926 2740 980 2798 pro
1005 2722 1126 2780 victimis
1141 2730 1171 2781 ²5

128 2817 262 2878 homines
279 2821 431 2878 immolant
447 2830 496 2878 aut
510 2839 541 2879 se
559 2821 759 2879 immolaturos
774 2831 878 2879 vovent
893 2821 1125 2896 administrisque

128 2917 167 2976 ad
188 2936 224 2975 ea
248 2917 387 2977 sacrificia
411 2918 559 2977 druidibus
583 2927 708 2990 utuntur,
731 2919 820 2996 quod,
840 2938 895 2996 pro
919 2919 977 2978 vita
1000 2919 1127 2978 hominis

127 3035 184 3122 rppr
176 3015 331 3126 pommis
350 3018 408 3076 vita
428 3018 572 3089 reddatur,
592 3035 653 3076 non
672 3035 759 3094 posse
779 3019 900 3076 deorum
921 3018 1126 3077 immortalium

127 3083 271 3174 naides
270 3109 384 3192 placari
422 3117 601 3193 arbitrantur,
636 3117 810 3194 publiceque
845 3117 976 3175 eiusdem
1010 3114 1125 3190 generis

127 3213 263 3273 habent'
256 3214 386 3272 mstituta
406 3214 552 3273 sacrificia.
594 3215 785 3273 Alii1mmani
806 3215 1005 3328 magnitudine
1026 3213 1124 3272 simul·
1140 3221 1172 3269 30

126 3330 195 3372 acra
224 3313 342 3383 babent
322 3321 499 3388 tquorum
533 3322 670 3372 contexta
699 3277 1021 3372 1111111111111111111111111
1054 3310 1125 3370 vivis

126 3410 480 3487 11011111111110111)Ιεηῑ;
506 3411 611 3488 quibus
635 3378 781 3472 sudce'nsis
803 3408 989 3471 circumventi
1007 3407 1126 3497 flamma

126 3511 332 3598 exanimantur
353 3510 492 3571 homines.
536 3509 683 3588 Supplicia
707 3526 815 3580 eorum,
841 3508 891 3585 qui
918 3507 949 3566 in
973 3507 1049 3566 furto
1075 3519 1125 3568 aut
