2686 3910
137 177 277 266 87-99.
387 197 434 244 mr
455 198 567 246 nstro
592 197 746 248 caturco
769 200 880 250 court.
907 161 968 250 νὴ.
1079 185 1135 247 181

133 362 151 402 a
178 345 389 405 munitionibus
417 349 568 407 reducunt.
610 349 656 408 Fit
683 351 816 426 protinus
845 351 900 410 hac
922 370 954 411 re
979 352 1077 410 audita
1102 369 1139 408 ex

133 444 235 502 castris
250 443 405 503 Gallorum
420 444 498 522 fuga.
541 446 631 520 Quod
650 449 707 506 nisi
721 449 828 507 crebris
848 450 982 508 subsidiis
1001 468 1036 508 ac
1051 449 1139 508 totius

132 541 190 600 diei
218 543 319 602 labore
347 544 452 603 milites
481 556 578 604 essent
607 545 722 620 defessi,
748 566 852 625 omnes
880 548 1007 607 hostium
1036 548 1138 624 copiae

132 638 222 697 deleri
236 640 407 717 potuissent.
450 642 496 701 De
511 642 609 703 media
623 655 709 703 nocte
729 645 835 704 missus
853 647 997 722 equitatus
1018 647 1138 704 novissi-

131 755 215 795 mum
240 756 347 815 agmen
372 741 579 817 consequitur:
604 760 730 818 magnus
752 761 891 802 numerus
914 744 1027 820 capitur
1051 751 1165 819 atque5

132 837 319 910 interficitur3
339 838 441 914 reliqui
455 857 491 900 ex
502 839 572 915 fuga
587 840 618 899 in
632 841 760 902 civitates
774 841 936 900 discedunt.
974 847 1028 901 89.
1051 841 1137 900 Post-

131 954 183 994 ero
215 936 262 994 die
290 936 510 1013 Vercingetorix
544 939 670 997 concilio
704 950 866 999 convocato
898 941 929 1000 id
963 941 1072 999 bellum
1105 959 1136 999 se

132 1035 296 1111 suscepisse
316 1052 378 1093 non
400 1053 517 1094 suarum
539 1039 764 1109 necessitatium,
789 1038 840 1097 sed
853 1037 1029 1098 'communis
1051 1039 1136 1097 liber-

130 1133 198 1191 tatis
223 1151 311 1192 causa
332 1133 521 1204 demonstrat,
537 1144 566 1192 et
586 1137 727 1210 quoniam
749 1137 784 1196 sit
807 1137 939 1196 fortunae
962 1138 1135 1208 cedendum,

131 1231 170 1289 ad
195 1242 348 1308 utramque
374 1250 435 1290 rem
461 1250 492 1290 se
514 1232 569 1292 illis
594 1234 707 1304 offerre,
726 1253 778 1292 seu
801 1245 895 1293 morte
917 1253 970 1294 sua
991 1235 1135 1294 Romanis
1151 1252 1181 1287 10

131 1328 296 1389 satisfacere
314 1349 365 1390 seu
380 1332 476 1388 vivum
497 1332 609 1396 tradere
628 1333 723 1391 velint.
766 1333 920 1392 Mittuntur
939 1335 975 1393 de
989 1334 1034 1392 his
1049 1335 1136 1392 rebus

131 1429 171 1488 ad
197 1428 353 1488 Caesarem
381 1429 477 1506 legati.
519 1429 604 1490 Iubet
625 1451 705 1490 anna
726 1433 807 1504 tradi,
830 1433 977 1508 principes
1005 1432 1134 1507 produci.

131 1529 201 1604 Ipse
223 1530 253 1586 in
274 1529 436 1587 munitione
457 1547 512 1606 pro
533 1530 634 1588 castris
656 1527 806 1589 consedit:
828 1549 865 1590 eo
890 1531 981 1590 duces
1006 1532 1133 1606 produc·

131 1637 235 1699 untur;
259 1625 482 1704 Vercingetorix
503 1628 623 1700 deditur,
639 1648 719 1688 arma
737 1631 925 1706 proiciuntur.
969 1629 1134 1688 Reservatis

131 1725 243 1783 Aeduis
258 1734 345 1801 atque
360 1726 505 1796 Arvernis,
522 1727 546 1784 si
565 1745 616 1802 per
630 1746 682 1786 eos
697 1729 824 1786 civitates
844 1728 1005 1805 reciperare
1025 1737 1134 1804 posset,
1152 1741 1178 1790 ¹5

130 1842 172 1882 ex
196 1823 312 1899 reliquis
341 1824 460 1902 captivis
489 1834 551 1883 toto
580 1826 717 1885 exercitui
741 1827 837 1903 capita
865 1827 979 1902 singula
1008 1827 1134 1903 praedae

130 1926 251 1981 nomine
266 1923 418 1982 distribuit.

173 2027 230 2081 90.
252 2020 309 2080 His
323 2022 409 2080 rebus
425 2021 564 2082 confectis
578 2022 607 2079 in
622 2023 743 2082 Aeduos
757 2023 967 2100 proficiscitur;
989 2023 1133 2083 civitatem

129 2119 238 2194 recipit.
285 2119 331 2178 Eo
360 2119 446 2196 legati
474 2121 512 2178 ab
540 2120 678 2180 Arvernis
706 2122 786 2180 missi
814 2140 890 2198 quae
918 2123 1073 2200 imperaret
1102 2139 1133 2180 se

130 2217 256 2279 factmos
275 2217 455 2293 pollicentur.
499 2217 627 2294 Imperat
648 2237 790 2296 magnum
811 2238 966 2280 numerum
987 2219 1131 2280 obsidum.
1148 2243 1179 2279 ιο

131 2315 278 2392 Legiones
305 2316 336 2372 in
360 2315 481 2376 hiberna
504 2317 596 2376 mittit.
639 2309 828 2394 Captivorum
852 2319 963 2378 circiter
987 2337 1026 2376 xx
1054 2317 1133 2376 milia

87 2451 91 2460 ·
131 2415 241 2473 Aeduis
275 2414 470 2491 Arvernisque
504 2415 623 2476 reddit..
648 2416 685 2474 T.
717 2416 881 2476 Labienum
916 2417 1029 2476 duabus
1065 2435 1132 2475 cum

130 2512 294 2588 legionibus
319 2521 348 2570 et
372 2513 502 2588 equitatu
529 2514 559 2570 in
588 2513 740 2589 Sequanos
768 2515 914 2591 proficisci
942 2515 1037 2573 iubet:
1065 2514 1132 2574 huic

131 2610 173 2669 M.
191 2609 398 2686 Sempronium
413 2610 544 2670 Rutilum
558 2613 694 2672 attribuit.
737 2611 845 2672 Gaium
865 2613 988 2672 Fabium
1004 2614 1132 2688 legatum

130 2719 158 2768 et
183 2708 307 2766 Lucium
333 2708 497 2771 Minucium
521 2709 651 2770 Basilum
676 2729 744 2768 curn
772 2711 934 2786 legionibus
963 2711 1075 2772 duabus
1101 2712 1131 2769 in
1147 2732 1176 2783 25

130 2807 234 2868 Remis
253 2806 386 2878 collocat,
402 2827 439 2866 ne
459 2826 548 2884 quam
568 2809 605 2866 ab
620 2809 748 2867 finitimis
763 2809 924 2868 Bellovacis
939 2811 1130 2868 calamitatem

130 2905 283 2981 accipiant.
335 2904 443 2967 Gaium
479 2905 636 2968 Antistium
672 2907 820 2983 Reginum
855 2909 886 2966 in
920 2908 1131 2976 Ambiuaretos,

131 3004 231 3063 Titum
259 3002 389 3062 Sextium
409 3005 440 3062 in
461 3003 613 3079 Bituriges
636 3003 744 3063 Gaium
765 3004 922 3066 Caninium
943 3005 1079 3064 Rebilum
1101 3007 1131 3063 in

131 3101 264 3162 Rutenos
304 3119 373 3160 cum
413 3101 535 3177 singulis
569 3103 733 3178 legionibus
769 3105 862 3167 mittit.
924 3104 961 3177 Q.
1001 3103 1130 3162 Tullium

132 3201 304 3261 Ciceronem
319 3210 348 3258 et
362 3199 394 3257 P.
410 3199 568 3276 Sulpicium
585 3199 730 3260 Cabilloni
745 3211 773 3260 et
787 3203 952 3262 Matiscone
973 3202 1004 3260 in
1020 3199 1129 3258 Aeduis
1143 3216 1175 3265 30

131 3299 167 3360 ad
191 3299 306 3357 Ararim
335 3298 376 3356 rei
397 3297 600 3357 frumentariae
625 3318 713 3358 causa
733 3301 864 3358 collocat.
906 3301 975 3377 Ipse
995 3299 1129 3357 Bibracte

131 3398 257 3458 hiemare
285 3397 440 3456 constituit.
486 3397 543 3455 His
569 3397 693 3473 [litteris]
722 3399 847 3474 cognitis
876 3398 989 3456 Romae
1018 3396 1129 3454 dierum

131 3496 228 3572 viginti
243 3495 418 3572 supplicatio
433 3496 570 3556 redditur.
