2686 3910
134 201 225 250 1-2.
338 199 385 247 uu
406 199 517 247 uarro
541 197 691 247 orrrroo
714 199 825 248 corun.
852 201 931 247 Vrrr.
1066 184 1125 270 183

130 348 226 420 etiam,
255 367 344 424 quarn
373 348 456 407 facile
484 358 571 426 atque
596 349 725 408 celeriter
750 367 802 408 eos
826 349 984 426 perfecerit,
1011 349 1126 407 scimus.

130 445 201 505 Erat
219 457 317 506 autem
333 447 363 506 in
378 446 503 506 Caesare
519 466 586 505 curn
603 448 725 507 facultas
746 459 833 524 atque
853 448 997 526 elegantia
1013 465 1128 506 summa

131 546 284 617 scribendi,
306 555 369 604 tum
385 546 535 604 verissima
555 546 674 604 scientia
692 564 810 605 suorum
828 547 1015 606 consiliorum
1037 545 1127 622 expli·

131 644 303 702 candorum.
347 643 422 701 Mihi
444 662 481 701 ne
502 643 572 702 illud
596 644 716 720 quidem
740 646 852 717 accidit,
874 655 905 703 ut
930 644 1127 704 Alexandrino

131 752 218 819 atque
238 743 377 802 Africano
396 741 473 801 bello
490 743 678 816 interessem;
707 761 781 819 quae
799 745 874 802 bella
896 731 1077 820 quamquam
1091 760 1127 799 ex
1142 767 1155 816 5

132 851 213 918 parte
235 841 321 900 nobis
343 839 477 899 Caesaris
499 847 634 900 sermone
656 850 723 900 sunt
744 852 823 914 nota,
837 852 936 902 tamen
957 842 1036 900 aliter
1057 839 1128 898 aud·

132 942 208 998 imus
230 958 273 1011 ea,
289 957 364 1016 quae
385 957 482 997 rerum
503 938 630 998 novitate
647 949 696 997 aut
716 939 907 999 admiratione
927 958 982 999 nos
1002 939 1128 1016 capiunt,

132 1038 222 1108 aliter,
248 1056 324 1114 quae
351 1053 406 1113 pro
432 1037 601 1095 testimonio
629 1055 730 1096 sumus
758 1038 870 1098 dicturi.
914 1039 973 1097 Sed
1000 1055 1057 1113 ego
1085 1038 1128 1094 ni·

133 1137 247 1209 mirum,
273 1136 343 1194 dum
369 1153 473 1194 omnes
498 1136 694 1194 excusationis
720 1154 823 1196 causas
852 1139 968 1213 colligo,
994 1155 1031 1195 ne
1061 1153 1129 1194 cum

133 1236 260 1296 Caesare
293 1233 435 1304 conferm,
464 1232 520 1291 hoc
551 1234 649 1310 ipsum
678 1235 789 1293 crimen
818 1237 999 1312 arrogantiae
1028 1235 1128 1306 subeo,
1144 1259 1174 1294 10

133 1334 215 1411 quod
236 1351 284 1390 me
305 1332 421 1390 iudicio·
435 1331 606 1406 cuiusquam
627 1331 790 1390 existimem
811 1352 899 1410 posse
918 1351 985 1392 curn
1005 1331 1130 1391 Caesare

134 1431 305 1508 comparari.
347 1429 429 1488 Vale.

174 1538 199 1590 1.
221 1529 313 1590 Omni
336 1527 430 1588 Gallia
452 1529 564 1587 devicta
589 1526 698 1586 Caesar
721 1547 790 1588 cum
813 1550 831 1588 a
854 1531 1001 1606 superiore
1022 1537 1131 1587 aestate

134 1631 246 1688 nullum
267 1627 394 1686 bellandi
413 1636 528 1702 tempus
545 1627 745 1686 intermisisset
765 1631 927 1705 militesque
944 1629 1130 1686 hibernorum

134 1731 231 1807 quiete
253 1727 370 1786 reficere
392 1743 410 1783 a
435 1725 522 1783 tantis
545 1725 692 1783 laboribus
717 1727 809 1800 vellet,
835 1729 999 1804 complures
1024 1725 1130 1785 eodem
1146 1747 1174 1796 15

134 1842 267 1904 tempore
308 1825 437 1884 civitates
475 1841 615 1882 renovare
657 1823 724 1881 belli
767 1826 888 1885 consilia
926 1825 1132 1883 nuntiabantur

135 1925 409 1999 coniurationesque
430 1922 533 1980 lacere.
577 1919 667 1979 Cuius
685 1924 725 1981 rei
741 1925 900 1983 verisimilis
921 1943 1009 1983 causa
1030 1923 1131 1981 affere·

135 2030 227 2097 batur,
255 2021 336 2100 quod
366 2020 458 2080 Gallis
487 2007 624 2079 omnibus
657 2024 808 2096 cognitum
841 2033 918 2082 esset
950 2041 1044 2100 neque
1074 2021 1133 2079 ulla

136 2122 319 2184 multitudine
341 2120 371 2178 in
392 2137 484 2184 unum
504 2118 603 2176 locum
624 2130 726 2179 coacta
747 2121 840 2179 resisti
868 2139 956 2198 posse
978 2120 1131 2189 Romanis,

136 2242 201 2294 nec,
226 2221 250 2279 si
272 2219 385 2277 diversa
406 2217 482 2275 bella
503 2218 669 2293 complures
691 2219 795 2277 eodem
817 2229 948 2296 tempore
970 2219 1133 2278 intulissent
1147 2239 1178 2273 20

137 2322 273 2391 civitates
299 2318 369 2376 satis
393 2316 489 2374 auxilii
521 2325 571 2375 aut
598 2319 682 2394 spatii
714 2327 763 2376 aut
792 2320 943 2396 copiarum
970 2319 1133 2376 habitururn

137 2420 296 2482 exercitum
316 2414 416 2492 populi
437 2414 566 2473 Romani
583 2416 621 2473 ad
634 2417 734 2480 omnia
753 2418 970 2494 persequenda;
993 2435 1055 2475 non
1069 2434 1134 2475 esse

137 2530 235 2578 autem
255 2514 339 2572 alicui
361 2513 466 2572 civitati
484 2521 593 2570 sortem
612 2515 796 2573 incommodi
817 2517 1019 2585 recusandam,
1042 2516 1065 2574 si
1086 2515 1134 2573 tali

137 2635 221 2677 mora
237 2614 363 2688 reliquae
383 2619 505 2686 possent
522 2629 553 2669 se
572 2612 718 2671 vindicare
738 2614 767 2670 in
785 2614 953 2673 libertatem.
997 2620 1025 2674 2.
1048 2613 1133 2686 Quae

136 2735 175 2773 ne
204 2713 304 2790 opinio
333 2710 485 2770 Gallorum
513 2709 740 2776 confirmaretur,
771 2710 878 2770 Caesar
907 2712 950 2771 M.
972 2711 1133 2771 Antonium
1148 2733 1178 2784 ²5

136 2823 324 2892 quaestorem
348 2809 407 2868 suis
430 2807 565 2884 pra‘elecit
586 2808 730 2881 hibernis;
755 2810 818 2886 ipse
839 2811 968 2887 equitum
989 2811 1134 2887 praesidio

137 2913 230 2992 pridie
243 2909 311 2968 Kal.
322 2907 472 2967 Ianuarias
484 2907 521 2964 ab
532 2906 643 2982 oppido
655 2905 789 2965 Bibracte
798 2909 989 2984 proficiscitur
998 2910 1035 2967 ad
1046 2909 1137 2984 legio-

137 3030 206 3072 nem
227 3025 294 3080 xm,
316 3024 406 3084 quam
420 3024 482 3064 non
495 3005 583 3080 longe
598 3023 616 3063 a
634 3005 738 3063 finibus
757 3006 928 3066 Aeduorum
948 3007 1136 3066 collocaverat

137 3113 166 3168 in
177 3110 284 3168 finibus
295 3106 465 3182 Biturigum,
477 3103 561 3178 eique
572 3102 703 3179 adiungit
712 3103 859 3180 legionem
871 3122 910 3176 xr,
921 3124 994 3182 quae
1004 3104 1136 3180 proxima

133 3209 235 3267 fuerat.
271 3206 353 3264 Binis
368 3202 535 3263 cohortibus
552 3200 589 3258 ad
604 3202 812 3278 impedimenta
826 3204 934 3262 tuenda
949 3203 1054 3261 relictis
1073 3201 1135 3258 reli·
1148 3221 1180 3270 30

135 3325 226 3383 quum
234 3305 394 3365 exercitum
403 3303 436 3359 in
448 3303 666 3379 copiosissimos
677 3318 765 3376 agros
776 3301 938 3378 Biturigum
947 3299 1065 3370 inducit,
1077 3300 1135 3374 qui,

136 3424 203 3465 curn
217 3405 293 3462 latos
313 3401 386 3460 fines
401 3410 430 3458 et
449 3402 600 3478 complura
618 3399 728 3475 oppida
746 3400 893 3469 haberent,
908 3399 993 3456 unius
1014 3397 1135 3473 legionis

136 3505 263 3565 hibernis
275 3519 337 3560 non
347 3501 493 3577 potuerint
502 3500 650 3570 contineri,
661 3499 732 3576 quin
743 3498 850 3558 bellum
860 3505 995 3573 pararent
1006 3496 1136 3557 coniura-
