2630 3916
176 153 196 221 8
391 177 397 184 ·
498 169 526 219 e.
550 149 645 249 marr
665 167 839 237 casatam
1145 173 1168 222 ι.

174 327 206 378 ut
232 318 342 378 flumen
369 248 530 391 trangredi,
536 285 545 322 ι
551 241 653 380 illum
665 330 725 380 uno
752 315 801 382 die
779 267 1001 382 ‘fecissit
958 320 989 378 in
990 293 1168 396 tellegerent',
1189 309 1191 316 ’
1213 307 1239 343 ’“

174 417 287 494 legatos
309 415 346 476 ad
367 435 382 475 e
445 417 587 491 mittunt,
616 418 697 478 euius
724 417 876 494 legationis
901 417 1006 478 Divico
1031 419 1168 495 princeps

174 513 236 587 fuit,
264 515 314 592 qui
340 487 400 574 beli
471 515 587 576 assiano
615 515 682 576 dux
702 514 902 578 Helvetiorum
929 507 1169 615 iuerati‘elsita

175 629 243 672 cum
280 612 406 682 Caesare
440 615 518 690 egit.
554 613 599 672 Si
618 631 723 691 pacem
759 615 885 690 populus
916 611 1069 674 Romanos
1100 632 1168 674 cum
1208 669 1211 674 ,
1250 687 1254 700 ¹

146 709 316 786 5Helvetiis
338 711 483 784 faceret,
475 731 506 770 ιιι
526 729 592 771 earn
619 721 731 788 partem
754 713 847 774 ituros
874 722 962 789 atque
989 714 1030 772 ibi
1057 713 1169 772 futuros
1210 701 1213 708 ’

174 805 335 882 Helvetios,
349 811 399 870 ubi
415 828 467 870 eos
489 808 598 868 Caesar
616 809 811 870 constituisset
828 821 913 887 atque
932 829 995 872 esse
1011 811 1168 883 voluissem
1207 833 1211 838 ·
1239 783 1254 806 x
1308 859 1309 866 ,

173 909 219 966 sin
246 908 322 970 bello
350 908 484 986 persequi
517 895 719 984 ριιεὲιοιιιει,
753 910 982 970 reminisceretur
1008 917 1037 970 et
1063 910 1168 970 veteris
1228 938 1234 950 =

173 995 353 1092 incommodi
320 1007 493 1118 *populi
490 1005 624 1068 Romani
638 1017 667 1064 et
680 1005 817 1083 pristinae
833 1007 942 1070 virtutis
957 1007 1167 1068 Helvetiorum
1213 1019 1215 1026 “

149 1085 297 1202 (Quod
289 1083 446 1180 improviso
468 1123 560 1164 unum
582 1120 692 1182 pagum
719 1090 837 1164 adortus
860 1115 945 1178 esset,
969 1123 1037 1168 cnm
1061 1106 1090 1177 ii,
1117 1106 1168 1181 qui
1205 1085 1245 1202 ²42
1309 1099 1310 1164 l

61 1273 63 1278 ,
131 1222 162 1260 ιο
174 1201 283 1262 flumen
303 1204 481 1275 transissent,
501 1204 560 1262 suis
579 1203 718 1266 auxilium
741 1201 814 1262 ferre
836 1221 898 1261 non
920 1201 1049 1280 possent,
1070 1222 1109 1264 ne
1128 1204 1169 1262 ob
1218 1284 1223 1290 ⁵

174 1313 240 1358 earn
263 1318 326 1361 rem
353 1310 402 1360 aut
430 1319 499 1360 suae
526 1301 706 1377 magnopere
733 1300 828 1360 virtuti
854 1301 992 1362 tribueret
1013 1311 1062 1364 aut
1084 1303 1168 1378 ipsos

174 1378 366 1495 despiceret.)
385 1399 423 1458 Se
447 1401 486 1460 ita
510 1415 528 1458 a
549 1401 686 1496 patribps
703 1399 918 1476 maioribirsque
939 1401 999 1463 suis
1024 1400 1195 1487 didicisse,
1222 1403 1239 1484 ,j
1296 1471 1299 1483 y

173 1507 204 1556 ut
235 1499 329 1574 magis
364 1499 465 1558 virtute
499 1515 589 1576 quam
623 1496 692 1558 dolo
727 1496 944 1568 contenderent,
973 1509 1021 1558 aut
1056 1499 1112 1558 insr
1153 1515 1169 1558 s

173 1587 338 1658 niteientur.
358 1568 480 1678 (Quare
508 1615 546 1655 ne
574 1597 775 1668 committeret,
803 1605 834 1653 ut
854 1595 880 1657 is
902 1596 994 1666 loeus,
1016 1597 1066 1654 ubi
1095 1613 1169 1654 eon·
1221 1642 1241 1664 ,.
1302 1615 1309 1686 ,Α

130 1720 159 1770 ¹5
173 1695 318 1767 stillasset,
357 1713 393 1753 ex
430 1695 590 1754 calamitate
621 1693 723 1770 populi
756 1693 885 1752 Romani
914 1703 944 1751 et
976 1693 1168 1752 internicione
1223 1704 1228 1712 ’

172 1794 313 1856 exereitus
332 1811 443 1854 nomeu
462 1800 577 1871 caperet
595 1801 645 1852 aut
664 1792 835 1862 memoriam
848 1767 1168 1948 proderetfflfflis
1207 1825 1226 1834 -·

82 1949 84 1960 Α
174 1891 282 1952 Caesar
300 1892 339 1952 ita
357 1889 523 1968 respondit:
545 1881 597 1949 Eo‘
607 1891 661 1952 sibi
679 1889 776 1950 minus
796 1875 1072 1969 dubitaiiOQfiJ
1085 1887 1168 1966 qnod
1184 1967 1188 1974 ²
1206 1877 1227 1909 '¹

173 2009 223 2052 eas
249 2008 305 2062 res,
333 2007 406 2066 quas
432 1988 518 2065 legati
551 1989 678 2051 Helvetii
710 1997 998 2058 commemorassent,
1026 1986 1169 2049 memoria

172 2096 283 2149 teneret
284 2062 399 2164 ,satque
425 2088 472 2150 eo
491 2087 607 2162 gravius
629 2086 711 2157 ferre,
733 2103 794 2162 quo
820 2086 917 2144 minus
941 2086 1045 2174 merito
1049 2085 1169 2194 popuii

130 2211 161 2248 ιο
173 2185 301 2248 Romani
329 2186 518 2249 accidissent:
542 2185 594 2260 qui
621 2185 645 2246 si
673 2183 824 2254 allmius
807 2149 1250 2266 ιιιιιιιιιεΜοιιεῡιιιι,..,;ιι
1287 2221 1302 2230 s

172 2274 280 2356 fnisset,
302 2301 365 2342 non
386 2284 474 2344 fuisse
496 2282 609 2344 difficile
631 2301 748 2354 cavere;
770 2281 822 2340 sed
843 2299 881 2346 eo
902 2257 1066 2358 deceptum,
1088 2279 1170 2356 quod

173 2399 268 2457 neque
293 2382 482 2440 commissum
506 2399 524 2442 a
552 2399 583 2440 se
603 2381 791 2455 intellegeret,
811 2385 911 2458 quare¹
930 2379 1050 2452 timeret,
1073 2391 1169 2456 neque

87 2477 90 2484 ’
174 2481 236 2543 sine
252 2497 343 2542 causa
352 2479 515 2540 timendum
535 2487 657 2556 putaret
652 2463 703 2577 j
701 2477 791 2549 Quod
811 2477 836 2536 si
855 2477 958 2543 veteris
973 2477 1178 2560 contumeliae

175 2577 303 2655 oblivisci
321 2561 512 2674 uellet,(niun
535 2579 623 2677 etiam
645 2576 814 2639 recentium
827 2575 1006 2646 iniuriarum,
1026 2575 1107 2651 qnod
1133 2583 1175 2634 eo

130 2695 160 2748 ²5
174 2673 300 2734 invitot
278 2676 287 2734 i
288 2685 331 2736 ter
339 2694 392 2754 per
405 2675 583 2752 prouinciam
598 2693 651 2752 per
664 2675 724 2734 uim
737 2682 936 2752 temptassent,
949 2662 1028 2750 quod
1039 2671 1169 2746 Aeduos,

175 2773 255 2850 quod
287 2773 457 2844 Ambarros
485 2773 566 2852 quod
597 2773 774 2850 Allobrogas
805 2783 968 2864 vexpssent
998 2771 1191 2832 memoriam·

175 2872 323 2948 deponere
363 2873 489 2950 possei·
528 2871 619 2944 Quod
661 2891 714 2934 sua
753 2872 872 2933 vintona
912 2882 972 2930 tam
1013 2871 1171 2930 insolenter

175 2969 374 3046 gloriarentur,
393 2970 529 3046 quodque
554 2979 615 3031 tam
643 2969 693 3032 diu
720 2987 761 3032 se·
779 2971 900 3046 impune
927 2968 1025 3029 tulisse
1053 2969 1171 3029 iniurias

176 3067 391 3140 admirarentur,
408 3068 515 3128 eodem
538 3068 691 3144 pertinere.
733 3066 900 3129 Consuesse
924 3069 1003 3126 enim
1025 3066 1099 3128 deos
1117 3067 1171 3124 irn-

132 3189 163 3236 30
175 3166 321 3238 mortales,
350 3183 410 3242 quo
438 3167 553 3242 gratim
580 3161 716 3229 homines
746 3185 783 3226 ex
815 3166 1044 3226 eommutau'one
1074 3153 1171 3226 rerum

177 3261 302 3335 doleant,
327 3282 402 3340 quos
424 3283 496 3342 pro
500 3265 608 3324 scelere
632 3281 734 3326 eorum
758 3265 859 3327 ulcisci
879 3265 975 3338 velint,
998 3265 1044 3324 his
1068 3282 1171 3324 seeun-

178 3355 272 3418 diores
287 3362 431 3424 interdum
449 3379 495 3422 res
515 3371 544 3422 et
558 3355 790 3424 diuturniorem
783 3365 984 3440 impunitatem
999 3364 1169 3424 concedere.

148 3439 289 3510 teum
274 3475 308 3516 ea
326 3460 375 3527 ita
384 3461 450 3535 sint,
461 3470 571 3534 tamen,
587 3462 610 3521 si
627 3462 745 3524 obsides
762 3463 832 3522 ab''
814 3479 849 3524 us
868 3462 923 3524 sibi
940 3463 1052 3534 dentur,
1066 3463 1109 3522 uti
1127 3479 1172 3531 ea,
