2630 3916
195 143 236 194 aa
496 53 661 195 (cdrurr‘r
681 103 868 196 ιιιιιιιι
984 103 990 118 ”
1159 143 1183 188 1.

195 290 311 364 Quibus
333 289 420 350 rebus
444 279 552 352 Caesar
578 288 761 350 vehementer
788 297 953 352 commotus
980 281 1184 354 maturandum

194 390 250 450 sibi
268 388 449 460 existimavit,
463 407 510 464 ne,
524 387 549 452 si
561 405 638 447 nova
655 405 760 448 manus
780 387 943 449 Sueborum
961 407 1029 448 cum
1042 388 1184 450 veteribus

29 516 32 524 ¹
103 543 121 552 ,,
168 561 170 570 Ι
193 487 285 576 copiis
298 487 433 546 Ariovisti
453 505 517 552 sese
531 485 736 556 coniunxisset,
750 486 845 544 minus
864 484 947 550 facile
963 487 1056 546 resisti
1074 495 1184 564 posset.

92 572 115 601 ¹⁶
180 565 314 664 “Itaque
313 605 344 645 re
357 569 542 647 frumentaria
553 602 643 661 quam
653 583 800 646 celerrime
813 585 907 660 potuit
920 593 1090 678 comparata
1102 603 1184 682 mag-
1232 661 1236 670 Ι

82 674 87 682 ’
165 701 237 752 snrs
248 685 397 750 itineribus
411 684 449 744 ad
459 683 634 744 Ariovistum
648 682 805 742 contendit
826 688 901 750 38.
921 683 998 744 Cum
1011 666 1185 746 tiiduiviam'

191 765 395 861 processisset,
401 781 564 846 nuntiatum
582 791 626 841 est
641 781 677 852 ei,
692 780 870 844 Ariovistum
888 800 956 842 cum
975 782 1034 842 suis
1047 783 1183 846 omnibus

191 884 284 960 copiis
317 883 354 944 ad
381 881 585 957 occupandum
611 859 833 952 Vesontionem,
860 881 941 957 quod
967 891 1012 942 est
1039 882 1183 959 oppidum

190 983 351 1042 maximum
376 951 807 1090 Sequanommffconteqderef
814 979 963 1068 triduique
981 980 1057 1038 viam
1069 997 1099 1047 ι
1122 981 1183 1068 suis
1262 1051 1268 1062 ,

191 1079 297 1142 finibus
310 1053 513 1154 profecisse³
505 1053 611 1138 mine
626 1047 974 1154 'accidereifiuagnopere
993 1045 1065 1140 sibi
1066 1075 1183 1155 praeca·
1176 1061 1206 1088 ’
1237 1067 1256 1090 ”

30 1179 34 1188 ’
148 1201 179 1238 ιο
190 1177 317 1238 rendum
331 1175 439 1238 Caesar
426 1175 642 1294 ξιιιιιωιιιιι
684 1173 819 1252 Namque
839 1176 970 1235 omnium
988 1194 1093 1248 rerum,
1108 1193 1183 1253 quae

43 1263 46 1272 ’
189 1276 227 1356 ad
250 1275 358 1334 bellum
381 1239 446 1334 udui
465 1248 559 1345 erant,
582 1291 696 1332 summa
719 1273 893 1334 eratineo
916 1275 1029 1352 oppido
1052 1274 1181 1340 facultas

188 1347 277 1450 idque
295 1383 408 1476 natura,
415 1372 514 1432 loci
490 1391 533 1430 sie
551 1371 742 1444 muniebatur,
756 1380 788 1432 ut
806 1389 945 1462 magnam
959 1372 997 1431 ad
1016 1371 1183 1436 ducendum

145 1471 296 1563 ιιειιιιιιιΙ
307 1471 394 1544 daret
395 1437 561 1534 'facultatem
563 1479 732 1570 ,qrqpterea
735 1469 817 1558 quod
827 1469 936 1531 flumen
946 1470 1142 1532 Aiduasdubis
1150 1481 1183 1534 ut

188 1560 297 1628 circino
291 1533 615 1628 iucunductum
551 1547 644 1642 paene
656 1545 749 1626 cotim
734 1567 901 1674 oppidum
912 1569 1018 1644 cingit3
1039 1569 1182 1644 reliquum

36 1632 55 1756 ,ζ-
90 1718 96 1728 ,
145 1687 174 1736 15
188 1667 322 1742 spatium,
343 1665 424 1741 quod
444 1674 489 1723 est
515 1681 577 1722 non
604 1645 728 1740 amplius
734 1641 860 1741 pedum
888 1674 1025 1724 sexcento
1092 1667 1213 1742 ,qua‘'“

187 1763 297 1825 flumen
315 1761 482 1832 intermittit,
501 1778 587 1820 mons
612 1761 742 1820 continet
765 1780 874 1838 magna
897 1763 1054 1836 altitudiu,
1076 1765 1125 1836 ita,
1149 1775 1182 1829 ut

81 1921 89 1934 ,,
186 1865 301 1926 radices
321 1861 430 1922 montis
440 1879 488 1945 err
508 1869 627 1937 utraque
609 1870 760 1976 ssparte
750 1862 830 1937 ripae
850 1861 976 1922 fluminis
1001 1864 1180 1939 contingant.

81 1958 104 1979 ¹
144 1931 412 2030 beebffiurus
421 1920 617 2020 dirimentes
632 1943 738 2018 arcem
746 1959 831 2019 efficit
850 1970 880 2021 et
897 1979 965 2020 cum
983 1961 1094 2038 oppido
1111 1979 1182 2026 cou-

84 2113 88 2121 .
187 2053 433 2170 iungitNHue
437 2055 546 2118 Caesar
572 2058 687 2146 magnis
714 2060 863 2118 nocturnis
886 2059 1000 2122 diur's
971 2077 1149 2174 ‘quem
1085 2060 1204 2168 ἰιιιιιιι-.

145 2189 175 2227 20
187 2160 252 2220 ibus
273 2123 433 2218 contendit
441 2123 646 2234 occupatoque
667 2158 778 2234 oppido
798 2159 839 2218 ibi
857 2129 942 2236 dites
971 2154 1033 2218 tim
1050 2130 1195 2220 collocat.

187 2261 240 2323 ao.
262 2255 343 2316 Dum
374 2272 484 2332 paucos
513 2255 577 2344 dies
610 2254 647 2314 ad
671 2255 884 2320 Vesontionem
911 2257 952 2314 rei
979 2256 1182 2322 frumentariae

191 2363 430 2428 commeatusque
461 2371 550 2412 causa
581 2362 716 2425 mora-tur,
747 2373 784 2414 ex
817 2355 1035 2431 percontatione
1066 2364 1182 2416 nostro·

186 2471 254 2515 rum
285 2451 463 2528 vocibusque
498 2448 649 2510 Gailorum
682 2470 717 2516 ac
751 2462 954 2524 mercatorum,
987 2453 1037 2528 qui
1070 2451 1183 2530 ingenti

186 2550 388 2663 magqitudine
409 2565 565 2624 corporum
587 2547 760 2642 Germanos,
782 2550 941 2610 incredibili
965 2549 1067 2620 ¹uirtute
1095 2561 1182 2629 atque

144 2677 172 2728 ²5
187 2650 392 2710 exercitatione
410 2648 440 2705 in
458 2647 546 2706 armis
564 2641 854 2736 esse-praedicabant
876 2650 1099 2724 (saepenumero
1118 2667 1182 2710 sese

187 2765 256 2808 cum
270 2748 315 2806 his
330 2757 503 2822 congressos
518 2763 555 2804 ne
568 2733 809 2823 vultumquid'em
823 2756 909 2824 atque
923 2748 1016 2807 aciem
1030 2748 1181 2808 ocrriorum

187 2845 323 2910 dicebant
343 2845 416 2906 ferre
437 2839 588 2944 potuisse),
608 2853 704 2904 tantus
725 2846 821 2910 subito
845 2845 938 2905 timor
954 2864 1074 2906 omnem
1101 2865 1181 2912 euer-

187 2945 276 3016 citum
290 2942 450 3019 occupavit,
463 2951 495 3002 ut
514 2959 573 3000 non
587 2941 770 3006 mediocriter
782 2944 913 3009 omnium
927 2954 1040 3004 mentes
1054 2945 1181 3006 animos-

187 3061 245 3121 que
265 3043 450 3122 pertuqbaret
493 3005 572 3100 liic
570 3040 696 3117 primum
715 3052 795 3102 ortus
815 3051 860 3124 est
878 3060 896 3102 a
916 3042 1037 3104 tribunis
1050 3043 1181 3112 militurn,

141 3172 174 3220 50
186 3139 340 3218 praefectis
360 3139 543 3216 reliquisque,
557 3139 607 3215 qui
626 3157 662 3200 ex
681 3139 764 3201 urbe
767 3135 908 3201 amicitiae
923 3158 1011 3202 causa
1024 3139 1183 3202 Caesarem

186 3240 277 3300 secuti
293 3257 356 3298 non
374 3254 515 3313 magnum
533 3238 563 3296 in
581 3255 612 3296 re
631 3238 744 3298 militari
765 3247 851 3302 usum
869 3239 1030 3300 habebant:
1057 3257 1184 3316 quorum

142 3331 258 3447 (atius
272 3309 429 3426 aliqcausa
447 3336 532 3408 illata,
547 3354 636 3414 quam
656 3337 710 3397 sibi
731 3338 769 3398 ad
787 3337 1032 3416 proficiscendum
1046 3355 1183 3408 necessa-

186 3435 260 3498 riam
272 3453 337 3496 esse
354 3437 469 3540 dicqret,
483 3435 608 3512 petebat,
622 3443 655 3498 ut
674 3453 736 3501 erus
745 3435 891 3502 volunta
905 3435 1051 3496 discedere
1065 3435 1182 3552 lioqreu
