2650 3918
102 205 246 258 20-22·
361 199 409 247 Du
431 198 541 248 BELLO
564 195 716 246 nautico
730 193 855 246 ὈΟΜΜ.
879 194 927 242 IV.
1072 191 1112 259 75

100 352 273 430 exploratis
286 351 424 410 omnibus
448 351 535 410 rebus
559 349 597 408 ad
622 366 654 408 se
683 348 919 424 quamprimum
947 352 1111 404 revertatur.

100 452 175 529 Ipse
194 469 262 510 curn
277 450 414 509 omnibus
430 449 525 525 copiis
540 448 569 506 in
584 447 719 506 Morinos
733 445 933 522 proficiscitur,
948 442 1030 520 quod
1044 440 1111 502 inde

101 559 166 610 erat
180 550 367 609 brevissimus
380 548 411 606 in
422 547 602 606 Britanniam
612 547 754 605 traiectus.
797 543 867 603 Huc
879 561 967 602 naves
982 541 1112 618 undique

102 668 140 708 ex
151 648 282 708 finitimis
292 647 461 723 regionibus
469 655 499 704 et
507 663 596 722 quam
607 645 755 721 superiore
767 653 876 704 aestate
888 642 927 702 ad
935 639 1111 700 Veneticum
1183 666 1185 686 ι

101 748 214 806 bellum
235 746 371 804 effecerat
392 745 518 804 classem
538 744 617 802 iubet
638 743 802 802 convenire.
844 741 966 800 Interim
988 738 1139 807 consilio5

27 827 28 834 ἵ
102 847 167 905 eius
187 845 309 922 cognito
328 853 357 902 et
371 862 424 920 per
446 852 622 901 mercatores
640 841 751 920 perlato
771 840 809 900 ad
823 839 980 899 Britannos
998 853 1111 896 acom-

102 945 237 1020 pluribus
269 943 380 1002 insulae
413 940 574 1000 civitatibus
607 940 645 998 ad
680 958 748 998 eum
779 939 866 1016 legati
901 937 1030 1008 veniunt,
1061 935 1111 1011 qui

102 1042 297 1118 polliceantur
325 1040 443 1100 obsides
472 1040 541 1098 dare
574 1047 660 1114 atque
691 1038 815 1115 imperio
847 1036 950 1114 populi
983 1033 1111 1093 Romani

104 1142 341 1216 obtemperarem
363 1137 479 1210 Quibus
500 1137 605 1196 auditis
626 1136 780 1195 liberaliter
801 1135 946 1212 pollicitus
966 1135 1111 1192 hortatus-

104 1258 173 1317 que,
187 1249 220 1298 ut
237 1240 267 1297 in
286 1258 322 1298 ea
340 1238 484 1298 sententia
502 1244 715 1313 permanerent,
731 1252 783 1293 eos
803 1234 925 1293 domum
945 1233 1062 1292 remittit
1083 1241 1112 1290 et
1127 1249 1156 1284 10

106 1357 177 1400 cum
200 1339 236 1397 iis
259 1356 319 1396 una
347 1336 525 1407 Commium,
551 1353 640 1411 quern
667 1335 731 1410 ipse
756 1333 941 1392 Atrebatibus
970 1333 1113 1410 superatis

106 1455 208 1512 regem
219 1437 258 1494 ibi
273 1436 468 1507 constituerat,
483 1434 564 1495 cuius
579 1442 607 1491 et
618 1434 751 1491 virtutem
762 1441 790 1490 et
804 1431 958 1490 consilium
969 1433 1113 1508 probabat

106 1546 137 1595 et
152 1554 241 1612 quem
255 1537 309 1594 sibi
324 1535 442 1594 fidelem
462 1552 527 1593 esse
542 1533 739 1602 arbitrabatur,
754 1531 893 1608 cuiusque
913 1532 1067 1590 auctoritas
1081 1532 1112 1590 in

27 1629 39 1668 '·
108 1636 154 1693 his
168 1635 336 1710 regionibus
343 1599 468 1710 dagni'
474 1632 643 1704 habebatur,
658 1632 751 1690 mittit.
795 1630 874 1690 Huic
892 1633 1024 1709 imperat,
1039 1649 1112 1706 quas

108 1735 210 1811 possit,
230 1733 315 1792 adeat
337 1733 466 1792 civitates
486 1731 683 1807 horteturque,
701 1739 733 1789 ut
753 1730 854 1807 populi
876 1730 1004 1790 Romani
1024 1729 1113 1788 fidem
1128 1750 1156 1800 15

26 1861 28 1874 ·
109 1842 276 1908 sequantur,
295 1849 384 1908 seque
402 1830 532 1889 celeriter
553 1848 589 1888 eo
609 1840 761 1892 venturum
782 1829 902 1888 nuntiet.
946 1827 1113 1888 Volusenus

26 1959 28 1968 ν
108 1931 269 2006 perspectis
294 1930 464 2006 regionibus
492 1929 638 2000 omnibus
662 1937 804 2004 quantum
830 1928 856 1986 ei
883 1927 1024 1986 facultatis
1053 1925 1113 1984 dari

108 2029 212 2105 potuit,
224 2028 274 2103 qui
288 2029 354 2086 navi
365 2027 465 2104 egredi
479 2046 513 2086 ac
529 2045 559 2085 se
574 2026 704 2085 barbaris
719 2027 898 2085 committere
910 2043 971 2084 non
985 2024 1112 2095 auderet,

109 2128 213 2204 quinto
235 2126 281 2184 die
302 2125 340 2186 ad
361 2124 520 2184 Caesarem
536 2125 683 2183 revertitur
703 2141 836 2199 quaeque
858 2123 898 2181 ibi
917 2114 1112 2199 perspexisset

26 2235 27 2240 ’
108 2225 263 2284 renuntiat.
305 2230 357 2284 22.
378 2223 459 2282 Dum
474 2224 504 2281 in
518 2223 562 2282 his
576 2222 648 2282 locis
663 2222 772 2282 Caesar
786 2222 903 2282 navium
917 2222 1112 2298 parandarum
1128 2239 1158 2274 ιο

110 2341 198 2382 causa
218 2332 356 2394 moratur,
375 2341 412 2381 ex
433 2339 543 2398 magna
564 2331 644 2396 parte
669 2320 853 2380 Morinorum
876 2320 913 2379 ad
936 2338 1004 2378 eum
1025 2320 1112 2396 legati

109 2431 259 2493 venerunt,
274 2422 323 2497 qui
343 2439 374 2480 se
394 2421 431 2480 de
452 2421 606 2497 superioris
628 2421 768 2498 temporis
789 2421 912 2480 consilio
931 2429 1111 2492 excusarent,

110 2519 190 2596 quod
218 2521 353 2579 homines
380 2520 496 2579 barbari
528 2530 557 2580 et
589 2531 707 2579 nostrae
737 2519 957 2580 consuetudinis
989 2520 1113 2595 imperiti

110 2618 218 2676 bellum
232 2619 342 2694 populo
358 2617 497 2678 Romano
513 2618 656 2690 iecissent,
677 2636 766 2694 seque
785 2636 828 2690 ea,
844 2636 919 2694 quae
933 2617 1111 2694 imperasset,

111 2716 239 2775 facturos
267 2715 480 2790 pollicerentur.
522 2714 592 2774 Hoc
621 2717 676 2774 sibi
709 2715 818 2776 Caesar
850 2716 919 2774 satis
947 2724 1113 2791 opportune
1127 2744 1156 2792 25

111 2813 251 2873 accidisse
269 2814 429 2885 arbitratus,
450 2813 531 2890 quod
553 2831 648 2890 neque
670 2822 738 2889 post
758 2822 873 2889 tergum
893 2814 1008 2872 hostem
1028 2815 1113 2872 relin-

112 2930 201 2989 quere
222 2911 339 2970 volebat
359 2926 455 2988 neque
476 2912 544 2971 belli
566 2911 686 2988 gerendi
707 2921 827 2988 propter
847 2912 917 2972 anni
937 2920 1053 2988 tempus
1072 2913 1114 2972 ia-

26 3059 27 3062 .
112 3011 248 3070 cultatem
266 3011 392 3069 habebat
409 3029 505 3088 neque
524 3011 577 3069 has
599 2997 774 3068 tantularum
792 3028 911 3121 rerurq
902 3011 1112 3122 pccupationes

113 3109 278 3168 Britanniae
310 3109 532 3200 anteponendas
559 3109 714 3178 iudicabat,
694 3116 883 3185 tmagnum
904 3109 938 3167 iis
959 3125 1112 3167 numerum

113 3206 248 3266 obsidum
272 3209 401 3284 imperat.
444 3207 560 3279 Quibus
585 3206 718 3266 adductis
744 3225 796 3265 eos
820 3206 850 3263 in
878 3206 967 3266 fidem
994 3206 1111 3281 recepit.
1105 3235 1158 3285 .30

85 3232 243 3365 dilavibus
267 3307 380 3365 circiter
401 3322 485 3363 uxxx
505 3307 644 3364 onerariis
666 3305 774 3364 coactis
797 3305 1017 3380 contractisque,
1032 3303 1113 3380 quod

26 3453 27 3460 ,
115 3404 181 3462 satis
195 3423 259 3464 esse
274 3406 312 3485 ad
331 3405 405 3516 dqaq
424 3404 663 3480 transportandas
677 3404 809 3480 legiones
826 3403 1016 3472 existimabat,
1032 3403 1114 3478 quod

117 3488 305 3578 praeterea
281 3502 399 3564 naviu'm
396 3491 573 3581 'longarum
590 3503 726 3573 habebat,
748 3501 894 3579 quaestori
907 3500 1010 3576 legatis
1029 3520 1113 3578 prae-
