2650 3918
185 169 228 238 90
515 166 554 227 c.
567 166 660 215 rnrrr
682 165 856 216 orssaars
1148 169 1180 218 1.

166 293 322 376 ¹'Nascitur
343 317 383 377 ibi
407 317 559 396 plumbum
583 319 681 377 album
705 317 735 376 in
758 315 976 376 mediterraneis
1002 314 1182 392 regionibus,

184 415 216 472 in
232 416 383 476 maritimis
397 417 514 490 ferrum,
529 417 582 478 sed
599 419 661 477 eius
677 417 784 492 exigua
800 425 845 474 est
859 415 963 492 copia3
985 432 1052 473 aere
1066 423 1185 472 utuntur

184 515 373 594 importato
391 516 514 576 Materia
545 517 685 608 cariusque
719 515 847 602 generis,
879 523 912 572 ut
942 513 972 571 in
998 511 1107 598 Gallia,
1140 521 1186 570 est

184 622 297 708 praeter
324 605 424 692 fagum
455 625 542 692 atque
569 614 702 674 abietem.
745 595 892 690 Leporem
922 621 952 670 et
981 584 1122 688 gallinam
1155 618 1186 669 et

157 727 317 778 5anserem
341 723 457 789 gustare
477 713 522 772 fas
546 731 608 772 non
632 722 751 789 putant;
781 710 854 769 haec
874 719 973 768 tamen
994 709 1074 768 alunt
1063 709 1185 768 tanimi

169 823 173 836 ‘
185 811 397 888 voluptatisque
408 830 506 871 causa.
547 811 630 870 Loca
643 820 711 869 sunt
724 809 928 887 temperatiora
941 826 1030 884 quam
1044 807 1075 865 in
1089 807 1186 882 Gallia

185 909 397 968 remissioribus
417 889 669 986 frigoribus'ora.
692 908 793 966 Insula
813 917 916 965 natura
936 905 1081 982 triquetra,
1103 904 1186 964 cuius

185 1026 276 1066 unum
304 1007 378 1067 latus
406 1019 450 1067 est
478 1017 580 1067 contra
608 1006 743 1066 Galliam.
785 1002 882 1064 Huius
910 1005 1006 1084 lateris
1034 1004 1104 1063 alter
1132 1023 1186 1062 an-

110 1127 113 1135 ·
186 1106 279 1182 gulus,
309 1108 358 1182 qui
389 1116 433 1166 est
463 1107 510 1165 ad'
532 1105 676 1177 Cantium,
705 1122 765 1182 quo
797 1103 856 1163 fere
887 1121 991 1162 omnes
1021 1121 1059 1161 ex
1091 1101 1188 1160 Gallia·

144 1222 174 1257 10
186 1221 274 1262 naves
294 1204 484 1280 appelluntur,
503 1205 540 1263 ad
559 1205 702 1264 orientem
722 1203 825 1272 solem,
843 1201 962 1261 inferior
980 1201 1018 1260 ad
1036 1200 1186 1260 meridiem

187 1313 306 1381 spectat.
349 1301 418 1362 Hoc
446 1304 568 1382 pertinet
596 1303 709 1362 circiter
736 1301 816 1360 milia
848 1319 990 1378 passuum
1017 1301 1185 1377 quingenta.
1270 1305 1273 1312 '

186 1401 319 1459 Alterum
334 1389 437 1477 'vergit
468 1401 506 1460 ad
538 1400 714 1478 Hispaniam
745 1410 832 1478 atque
859 1398 1043 1471 occidentem
1075 1399 1183 1469 solem;

188 1516 246 1576 qua
263 1519 307 1581 ex
332 1511 412 1576 parte
436 1489 479 1560 est
504 1499 655 1572 Hibemia‚
682 1500 800 1559 dimidio
825 1499 929 1570 minor,
954 1509 987 1558 ut
1009 1499 1185 1568 aestimatur,

188 1617 276 1675 quam
296 1598 453 1670 Britannia,
469 1599 522 1658 sed
540 1599 602 1676 pari
621 1599 716 1675 spatio
734 1598 919 1658 transmissus
939 1607 1025 1675 atque
1039 1616 1076 1656 ex
1091 1595 1186 1656 Galba

146 1724 175 1774 15
188 1706 232 1755 est
258 1698 290 1755 in
317 1695 506 1756 Britanniam.
547 1698 584 1756 In
608 1697 666 1755 hoc
687 1696 785 1756 medio
807 1715 893 1754 cursu
918 1706 962 1755 est
985 1696 1087 1768 insula,
1110 1713 1186 1772 quae

188 1795 357 1872 appellatur,
382 1793 493 1854 Mona:
525 1795 687 1872 complures
711 1805 859 1872 praeterea
887 1795 1014 1854 minores
1040 1794 1187 1853 subiectae

188 1891 298 1953 insulae
317 1893 531 1966 existimantur;
553 1893 591 1953 de
610 1895 714 1970 quibus
733 1875 833 1954 insulis
855 1894 988 1955 nonnulli
1010 1893 1188 1969 scripserunt

189 1993 251 2052 dies
279 1994 434 2052 continuos
461 2012 521 2051 xxx
549 1993 603 2052 sub
630 1993 733 2052 bruma
760 2013 825 2052 esse
853 2003 979 2090 ppctem.
1021 1991 1087 2050 Nos
1114 1990 1187 2050 nihil

190 2093 228 2151 de
251 2109 288 2150 eo
314 2091 580 2168 percontationibus
605 2092 828 2169 reperiebamus,
854 2060 915 2152 nisi
935 2093 1018 2152 certis
1046 2109 1083 2150 ex
1111 2107 1188 2166 aqua

147 2213 177 2250 20
185 2209 332 2248 mensuris
360 2191 505 2249 breviores
533 2208 597 2249 esse
622 2209 710 2267 quam
738 2191 769 2249 in
793 2191 954 2251 continenti
979 2200 1081 2249 noctes
1100 2189 1186 2246 vide·

189 2290 300 2346 bamus.
344 2285 440 2346 Huius
460 2297 505 2346 est
524 2287 676 2364 longitudo
695 2289 799 2362 lateris,
818 2299 850 2370 ut
868 2289 923 2348 fert
942 2289 1056 2348 illorum
1074 2269 1187 2363 opini0,

124 2413 134 2448 ς
189 2401 248 2442 noo
275 2385 428 2470 milium*
437 2365 568 2444 Tertium
591 2396 636 2444 est
660 2397 761 2446 contra
786 2389 1013 2464 septentriones;
1045 2386 1091 2444 cui
1112 2385 1187 2462 parti

190 2482 269 2540 nulla
287 2492 332 2542 est
351 2484 465 2542 obiecta
486 2493 568 2555 terra,
586 2483 638 2542 sed
659 2485 720 2543 eius
742 2486 865 2562 angulus
886 2486 981 2544 lateris
1001 2481 1128 2558 maxime
1149 2483 1188 2541 ad

192 2579 381 2638 Germaniam
408 2591 527 2657 spectat.
570 2581 640 2641 Hoc
670 2583 759 2641 millia
785 2600 926 2660 passuum
954 2583 1124 2668 octingenta
1156 2581 1188 2640 in

148 2706 177 2754 25
192 2676 402 2760 longitudinem
435 2697 499 2738 esse
530 2680 716 2738 existimatur.
759 2681 804 2740 Ita
834 2683 931 2741 omnis
965 2681 1059 2740 insula
1080 2689 1123 2738 est
1157 2681 1189 2738 in

149 2803 151 2806 ·
192 2777 311 2836 circuitu
324 2761 411 2837 vicies
425 2765 543 2836 centum
553 2778 664 2836 milium
674 2795 822 2855 passuum.
864 2785 911 2839 14.
934 2779 980 2838 Ex
994 2779 1038 2838 his
1052 2779 1190 2838 omnibus

192 2876 282 2952 longe
304 2886 370 2934 sunt
389 2876 599 2949 humanissimi,
621 2877 671 2953 qui
691 2876 828 2937 Cantium
849 2878 988 2950 incolunt,
1011 2897 1085 2956 quae
1105 2877 1188 2953 regio

194 2985 237 3034 est
268 2975 421 3032 marituma
449 2975 554 3046 omnis,
582 2993 679 3052 neque
708 2977 831 3035 multum
863 2989 894 3035 a·
911 2977 1024 3036 Gallica
1054 2976 1191 3036 differunt

194 3073 414 3134 consuetudine.
456 3072 610 3164 Interiores
644 3074 773 3150 plerique
807 3075 952 3134 frumenta
986 3093 1047 3134 non
1082 3083 1189 3147 serunt,

148 3203 180 3252 30
195 3174 247 3232 sed
267 3171 390 3231 lacteet
379 3180 495 3229 tcame
517 3171 614 3232 vivunt
638 3172 817 3256 pellibusque
842 3183 910 3250 sunt
930 3174 1033 3232 vestiti.
1076 3171 1192 3232 Omnes

196 3289 264 3331 vero
300 3289 331 3329 se
366 3269 499 3370 Britanni
526 3269 598 3348 vitro
626 3270 764 3342 inficiunt,
796 3270 877 3348 quod
907 3273 1072 3331 caeruleum
1105 3270 1193 3330 efficit

195 3370 331 3440 colorem,
363 3378 449 3444 atque
470 3333 551 3426 lide
568 3367 743 3427 horridiores
775 3379 841 3429 sunt
862 3371 892 3428 in
924 3387 1023 3447 pugna
1054 3379 1191 3446 aspectu3

194 3468 357 3543 capilloque
382 3477 448 3527 sunt
472 3467 617 3544 promisso
645 3476 731 3544 atque
756 3469 837 3527 omni
864 3477 944 3545 parte
969 3468 1100 3544 corporis
1126 3485 1193 3526 rasa

195 3573 308 3642 praeter
336 3576 424 3643 caput
451 3575 480 3626 et
508 3565 620 3626 labrum
649 3567 790 3644 superius.
832 3567 947 3628 Uxores
981 3567 1088 3626 habent
1122 3565 1193 3628 deni
