2630 3916
131 187 279 268 14-ιὸ.
385 200 872 261 υΕ’·ΒΕιιοόΑι’ῑιοο;ῡοΜΜ.
896 210 936 260 rr.
1093 216 1133 277 41

135 349 215 413 disse
242 351 457 435 adventumque
487 351 527 418 ibi
555 359 758 419 Romanorum
786 370 954 438 exspectare
981 353 1041 418 rma¹
1068 379 1136 420 cum

133 451 281 514 Atrebatis
302 465 331 515 et
355 457 571 531 ViromanduiS,
593 459 722 519 finitimis
746 453 804 518 suis
832 462 913 532 (nam
938 460 983 518 his
1006 459 1135 536 utrisque

133 564 347 627 persuaserant,
369 556 410 614 uti
431 555 556 616 eandem
575 557 642 616 belli
663 557 809 616 fortunam
830 554 1065 637 experirentur),
1085 569 1135 637 ex-

132 652 259 726 spectari
284 654 371 712 etum
396 656 433 713 ab
459 655 505 714 his
528 655 748 714 Aduatucorum
773 657 873 732 copias
898 666 984 733 atque
1012 675 1076 716 esse
1104 658 1135 715 in

133 747 254 810 itinere:
283 753 416 814 mulieres
441 755 548 830 quique
572 773 625 830 per
648 764 773 813 aetatem
797 755 835 813 ad
861 773 992 833 pugnarn
1020 755 1162 816 inutiles5

133 847 299 908 viderentur
322 852 353 909 in
378 870 446 910 eum
469 852 568 911 locum
593 853 762 924 coniecisse,
787 871 846 930 quo
871 861 989 930 propter
1013 854 1134 930 paludes

133 949 272 1007 exercitui
288 950 383 1010 aditus
397 969 459 1008 non
473 961 558 1010 esset.
600 957 646 1014 17.
670 951 727 1011 His
747 952 833 1010 rebus
855 951 979 1028 cognitis
1000 951 1133 1028 explora-

132 1054 211 1104 tores
233 1049 476 1125 centurionesque
496 1050 662 1126 praemittit,
684 1051 734 1126 qui
753 1050 852 1109 locum
872 1051 1012 1108 idoneum
1033 1051 1133 1109 castris

134 1142 272 1219 deligant.
311 1145 393 1205 'Cum
411 1165 449 1206 ex
470 1148 613 1208 dediticiis
631 1147 730 1226 Belgis
748 1149 923 1225 reliquisque
943 1147 1033 1208 Gallis
1052 1166 1133 1207 com-

132 1240 231 1317 plures
251 1243 407 1304 Caesarem
427 1247 518 1305 secuti
537 1265 596 1305 una
614 1247 667 1306 iter
685 1247 821 1318 iacerent,
837 1247 955 1325 quidam
975 1267 1011 1306 ex
1030 1247 1084 1316 his,
1101 1258 1132 1306 ut
1149 1256 1178 1298 1'0

131 1352 236 1417 postea
250 1362 286 1402 ex
304 1345 423 1420 captivis
437 1345 589 1421 cognitum
606 1354 658 1417 est,
674 1364 777 1405 eorum
794 1345 906 1404 dierum
922 1346 1132 1405 consuetudine

131 1440 241 1500 itineris
265 1443 357 1502 nostri
382 1444 525 1502 exercitus
553 1454 705 1520 perspecta
733 1453 820 1503 nocte
849 1444 886 1502 ad
914 1442 1039 1504 Nervios
1067 1463 1132 1520 per-

131 1550 273 1599 venerunt
300 1551 386 1617 atque
413 1541 458 1600 his
486 1543 722 1601 demonstrarunt
749 1543 824 1600 inter
849 1542 978 1618 singulas
1001 1542 1132 1620 legiones

130 1637 407 1715 impedimentorum
426 1659 567 1717 magnum
584 1659 738 1700 numerum
754 1641 943 1714 intercedere,
958 1660 1053 1718 neque
1068 1625 1132 1700 esse

129 1738 287 1814 quicquam
322 1739 441 1816 negotii,
474 1757 541 1797 curn
576 1741 671 1816 prima
704 1740 781 1816 legio
815 1740 846 1798 in
881 1751 974 1800 castra
1008 1741 1132 1800 venisset
1149 1755 1176 1804 15

128 1835 315 1912 reliquaeque
340 1837 471 1914 legiones
492 1855 635 1914 magnum
660 1840 787 1914 spatium
811 1840 956 1909 abessent,
976 1838 1053 1897 hanc
1078 1840 1133 1896 sub

129 1935 250 1993 sarcinis
270 1935 392 2008 adoriri;
420 1953 479 2011 qua
506 1935 589 2012 pulsa
617 1936 891 2012 impedimentisque
919 1937 1037 2012 direptis
1056 1935 1132 1995 futu-

128 2050 203 2103 rum,
217 2042 250 2091 ut
266 2033 392 2109 reliquae
401 2029 506 2092 ¹contra
523 2035 682 2093 consistere
700 2053 761 2092 non
779 2035 928 2094 auderent.
969 2034 1133 2092 Adiuvabat

128 2130 217 2189 etiam
242 2149 356 2190 eorum·
375 2132 536 2202 consilium,
562 2133 612 2208 qui
636 2151 699 2190 rem
726 2131 902 2204 deferebant,
928 2132 1008 2208 quod
1034 2132 1133 2191 Nervii

128 2231 294 2306 antiquitus,
314 2247 381 2288 cum
402 2231 532 2307 equitatu
552 2229 623 2288 nihil
643 2240 766 2306 possent
788 2233 896 2306 (neque
917 2232 995 2290 enim
1015 2231 1053 2290 ad
1073 2232 1131 2292 hoc
1147 2251 1177 2286 πο

126 2337 243 2405 tempus
268 2329 296 2387 ei
319 2329 361 2388 rei
385 2329 511 2401 student,
538 2329 599 2400 sed,
626 2327 764 2406 quicquid
791 2339 924 2406 possunt,
949 2329 1132 2406 pedestribus

126 2427 224 2486 valent
234 2425 348 2506 copiis),
361 2446 420 2503 quo
432 2427 543 2487 facilius
554 2428 744 2486 finitimorum
750 2429 924 2504 equitatum,
937 2429 960 2488 si
971 2430 1132 2506 praedandi

126 2543 217 2585 causa
233 2527 272 2586 ad
289 2544 341 2585 eos
358 2526 514 2598 venissent,
531 2527 715 2602 impedirent,
733 2527 840 2585 teneris
862 2529 1013 2586 arboribus
1034 2529 1132 2588 incisis

126 2634 216 2700 atque
239 2624 363 2695 inflexis,
385 2625 492 2684 crebris
516 2625 547 2683 in
566 2625 748 2684 latitudinem
772 2626 860 2684 ramis
885 2627 977 2686 enatis
999 2637 1027 2686 et
1051 2630 1131 2691 rubis

126 2724 317 2801 sentibusque
338 2725 493 2783 interiectis
514 2725 679 2796 effecerant,
701 2732 733 2783 ut
757 2726 849 2784 instar
871 2727 946 2784 muri
970 2727 1025 2787 hae
1046 2747 1131 2806 sepes
1147 2748 1175 2796 ²5

125 2827 308 2885 munimenta
329 2826 508 2901 praeberent,
532 2842 591 2901 quo
613 2840 675 2882 non
696 2824 788 2883 modo
809 2843 871 2884 non
892 2826 999 2898 intrari,
1021 2829 1073 2888 sed
1094 2849 1132 2889 ne

124 2925 251 3005 perspici
268 2924 387 3001 quidem
401 2933 511 3000 posset.
555 2923 613 2982 His
631 2924 718 2981 rebus
737 2941 805 2981 cum
825 2924 879 2982 iter
897 2926 1022 3001 agminis
1041 2932 1132 2988 nostri

124 3023 320 3101 impediretur,
349 3040 412 3080 non
440 3022 636 3081 omittendum
652 2999 823 3108 fconsilium
854 3023 953 3082 Nervii
984 3027 1130 3085 existima-

123 3132 236 3183 verunt.
293 3127 343 3180 18.
373 3120 447 3180 Loci
479 3130 583 3179 natura
607 3129 668 3179 erat
691 3121 773 3192 haec,
801 3139 889 3196 quern
914 3123 1011 3182 locum
1039 3128 1131 3183 nostri

124 3222 228 3282 castris
260 3221 439 3294 delegerant.
483 3217 574 3278 Collis
609 3220 647 3277 ab
678 3236 795 3278 summo
826 3221 982 3296 aequaliter
1013 3221 1129 3282 declivis
1144 3243 1176 3290 30

123 3321 162 3380 ad
181 3320 292 3378 flumen
314 3317 423 3389 Sabim,
443 3317 524 3392 quod
544 3335 632 3394 supra
652 3306 875 3389 nominavimus,
894 3319 1039 3394 vergebat.
1081 3321 1130 3380 Ab

122 3441 160 3482 eo
182 3420 304 3479 flumine
328 3417 391 3494 pari
416 3417 574 3476 acclivitate
595 3416 677 3476 collis
701 3419 875 3476 nascebatur
899 3417 1036 3477 adversus
1061 3420 1129 3480 huic

122 3531 151 3582 et
166 3517 339 3588 contrarius,
364 3533 468 3592 passus
493 3515 604 3576 circiter
633 3515 775 3576 ducentos
799 3515 916 3574 infimus
940 3525 1065 3592 apertus,
1091 3522 1128 3578 ab
