2650 3918
202 164 264 232 106
525 176 553 230 o.
578 177 672 227 rurrr
693 174 866 226 cnrsnnrs
984 245 986 252 Ι
1125 151 1128 158 ’
1156 172 1190 220 v.

198 326 333 396 abducat,
353 343 414 403 qua
437 326 492 386 sibi
517 327 570 386 scit
590 327 643 386 iter
663 325 835 386 faciendum.
878 322 982 384 Scribit
1005 321 1145 394 Labiene,
1167 326 1192 382 si

198 425 372 500 reipublicae
398 425 556 486 commodo
576 425 671 484 facere
695 433 805 500 posset,
827 441 895 482 cum
919 423 1033 498 legione
1057 420 1095 482 ad
1120 420 1191 478 fines

198 523 370 584 Nerviorum
387 527 490 584 veniat
534 524 689 601 Reliquam
708 532 819 600 partem
839 523 988 600 exercitus,
1007 521 1086 598 quod
1103 519 1191 597 paulo

197 623 296 680 aberat
304 623 428 699 longina,
437 642 498 683 non
507 631 588 698 putat
597 621 823 698 exspectandam
827 641 835 693 3
847 621 958 698 equites
968 621 1077 679 circiter
1085 619 1191 696 quadr·

168 721 332 796 singentos
356 741 392 780 ex
416 721 555 798 proximis
579 721 706 780 hibernis
731 720 847 796 colligit.
901 725 952 780 47.
973 717 1058 778 Hora
1081 718 1191 777 circiter

197 819 280 877 tertia
308 820 345 878 ab
369 819 602 878 antecursoribus
630 818 666 876 de
692 817 791 878 Crassi
818 819 943 877 adventu
968 817 1071 876 certior
1098 815 1191 877 factus

197 918 300 976 audie
321 918 398 978 milia
418 935 558 994 passuum
575 933 619 974 xx
637 916 776 993 procedit.
819 915 958 976 Crassum
973 914 1191 977 Samarobrivae

197 1017 325 1093 praeficit
348 1018 552 1092 legionemque
579 1015 714 1087 attribuit,
739 1015 819 1091 quod
844 1015 883 1073 ibi
907 1014 1115 1091 impedimenta
1139 1031 1191 1070 ex-

197 1117 310 1186 ercitus
339 1115 456 1174 obsides
486 1114 639 1186 civitatum,
667 1115 774 1173 litteras
797 1114 928 1190 publicas
956 1113 1191 1187 frumentumque

153 1230 183 1266 ro
197 1231 293 1283 omne,
318 1213 398 1289 quod
422 1230 459 1272 eo
482 1212 649 1272 tolerandae
676 1212 779 1272 hiemis
803 1231 892 1273 causa
919 1213 1080 1282 devexerat,
1105 1211 1191 1270 relin-

146 1330 152 1349 ·
197 1313 311 1388 quebat.
353 1309 467 1380 Fabius,
486 1319 517 1368 ut
534 1310 708 1387 imperatum
729 1321 797 1382 erat,
816 1327 878 1370 non
897 1310 936 1370 ita
954 1309 1077 1369 multum
1094 1326 1191 1367 mora-

196 1420 242 1468 tus
256 1410 285 1466 in
300 1409 399 1467 itinere
414 1427 481 1468 cum
495 1409 609 1488 legione
623 1410 754 1466 occurrit.
796 1407 943 1468 Labienus
960 1385 1076 1467 interitu
1091 1407 1190 1466 Sabini

196 1519 225 1567 et
239 1508 327 1568 caede
342 1507 505 1566 cohortium
519 1511 645 1585 cognita,
660 1528 727 1569 curn
741 1528 843 1568 omnes
858 1509 976 1570 adeum
996 1509 1191 1568 Treverorum

196 1607 297 1683 copiae
317 1608 471 1679 venissent,
491 1607 605 1679 veritus,
625 1608 650 1666 si
670 1627 706 1674 ex
726 1606 852 1668 hibernis
871 1608 957 1688 fugae
978 1607 1101 1668 similem
1122 1625 1190 1683 pro·

152 1717 181 1766 15
196 1706 351 1765 sectionem
378 1706 501 1776 fecisset,
529 1716 562 1764 ut
587 1705 716 1766 hostiurn
743 1706 884 1782 impetum
912 1707 1052 1768 sustinere
1081 1715 1190 1782 posset,

196 1805 364 1881 praesertim
383 1821 458 1882 quos
475 1805 583 1864 recenti
597 1806 714 1864 victoria
728 1805 823 1864 efferri
842 1807 934 1877 sciret,
949 1806 1057 1865 litteras
1072 1805 1193 1866 Caesari

196 1903 320 1976 remittit,
336 1913 445 1980 quanto
460 1922 527 1963 cum
541 1904 670 1980 periculo
685 1904 831 1978 legionem
845 1923 882 1963 ex
896 1904 1022 1964 hibernis
1036 1905 1192 1964 educturus

136 2019 139 2025 ’
197 2011 281 2073 essct,
302 2020 364 2060 rem
389 2012 502 2078 gestam
530 2001 560 2060 in
584 2001 770 2062 Eburonibus
793 2003 952 2078 perscribit,
976 2003 1063 2061 docet
1086 2021 1192 2062 omnes

197 2101 339 2178 equitatus
354 2102 557 2177 peditatusque
570 2100 670 2174 copias
686 2099 880 2160 Treverorum
894 2101 948 2160 tria
960 2101 1039 2162 milia
1051 2119 1192 2177 passuum

153 2219 183 2255 20
197 2199 284 2275 longe
306 2201 343 2258 ab
365 2199 424 2258 suis
447 2199 548 2258 castris
568 2197 744 2258 consedisse.
786 2204 840 2258 48.
863 2197 970 2258 Caesar
988 2200 1109 2258 consilio
1128 2201 1191 2261 eius

197 2299 329 2374 probato,
357 2299 410 2356 etsi
438 2297 577 2373 opinione
604 2297 690 2354 trium
720 2296 868 2372 legionum
896 2297 1024 2356 deiectus
1051 2297 1089 2358 ad
1117 2298 1191 2358 duas

197 2395 327 2466 redierat,
342 2406 440 2456 tamen
454 2413 546 2452 unum
561 2395 724 2454 eommunis
738 2395 836 2454 salutis
851 2395 987 2455 auxilium
1003 2396 1033 2455 in
1048 2396 1190 2456 celeritate

197 2495 333 2569 ponebat.
374 2493 463 2552 Venit
481 2493 596 2569 magnis
616 2493 764 2553 itineribus
783 2495 813 2552 in
832 2493 1004 2556 Nerviorum
1021 2496 1102 2556 fines.
1144 2497 1191 2556 Ibi

197 2611 233 2650 ex
249 2592 366 2667 captivis
385 2592 545 2666 cognoscit,
559 2609 634 2668 quae
653 2591 732 2666 apud
746 2591 919 2652 Ciceronem
932 2603 1069 2668 gerantur
1086 2605 1190 2670 quant-

153 2709 181 2760 25
198 2708 274 2766 oque
293 2691 324 2748 in
343 2689 471 2765 periculo
488 2708 534 2748 res
554 2691 597 2749 sit.
640 2691 720 2750 Tum
739 2691 855 2750 cuidam
876 2709 913 2750 ex
933 2691 1075 2767 equitibus
1098 2692 1190 2752 Gallis

198 2781 311 2866 magnis
341 2788 477 2865 praemiis
507 2790 670 2865 persuadet,
698 2791 739 2848 uti
767 2790 804 2848 ad
833 2787 1004 2849 Ciceronem
1036 2792 1191 2868 epistolam

198 2888 314 2947 deferat.
356 2886 444 2946 Hanc
466 2886 585 2949 Graecis
604 2889 800 2964 conscriptam
820 2888 919 2947 litteris
936 2889 1028 2961 mittit,
1048 2909 1086 2948 ne
1104 2892 1191 2950 inter·

198 2996 281 3063 cepta
309 2985 430 3062 epistola
460 2995 560 3044 nostra
591 2987 628 3046 ab
658 2987 790 3045 hostibus
818 2986 937 3050 consilia
965 2999 1190 3064 cognoscantur.

184 3087 229 3146 'Si
253 3085 331 3144 adire
355 3101 417 3144 non
441 3086 541 3160 possit,
562 3095 671 3157 monet,
695 3095 727 3146 ut
750 3085 892 3160 tragulam
916 3103 983 3148 cum
1008 3087 1130 3163 epistola
1153 3089 1193 3148 ad

152 3200 184 3250 so
197 3194 345 3244 amentum
367 3183 493 3258 deligata
511 3185 585 3242 intra
605 3184 797 3245 munitionem
818 3193 978 3243 castrorum
998 3186 1111 3245 abiciat.
1154 3186 1192 3246 In

197 3283 296 3343 litteris
319 3282 417 3343 scribit
438 3299 468 3340 se
489 3299 555 3340 cum
574 3282 736 3358 legionibus
755 3282 917 3359 proiectum
936 3283 1064 3343 celeriter
1083 3284 1191 3356 affore;

196 3380 333 3451 hortatur,
355 3389 387 3438 ut
410 3380 560 3456 pristinam
582 3381 714 3439 virtutem
737 3382 866 3440 retineat.
909 3381 1010 3440 Gallus
1031 3384 1192 3460 periculum

117 3543 118 3548 η
197 3479 311 3551 ueritus,
336 3489 367 3538 ut
394 3489 455 3541 erat
482 3489 678 3556 praeceptum,
705 3479 846 3564 tragulam
873 3481 966 3540 mittit.
1009 3479 1094 3542 Haec
1122 3501 1192 3544 casu
