2686 3910
205 181 265 230 202
606 179 642 230 A.
666 179 789 230 rrrnrrr
1106 183 1208 242 rna¹

205 347 272 388 cum
295 337 429 405 optarent
453 330 563 408 reliqui,
586 330 694 391 Caesar
715 350 792 392 unus
815 333 932 404 videret,
955 351 972 392 e
997 333 1116 408 regione
1138 333 1206 392 eius

203 430 302 487 vineas
319 445 407 504 agere
428 431 566 490 adversus
584 442 715 490 montem
737 441 766 490 et
786 450 924 508 aggerem
945 433 1083 490 instruere
1102 433 1206 508 eoepit

203 543 313 601 magno
345 547 413 586 cum
445 528 543 586 labore
575 539 604 586 et
635 530 774 587 continua
807 530 1001 589 dimicatione.
1052 529 1206 606 Oppidani

203 627 281 684 enim
310 630 377 688 loco
409 629 556 703 superiore
588 629 744 687 decurrunt
774 638 804 688 et
833 630 947 687 eminus
978 629 1040 688 sine
1071 629 1205 705 periculo

176 727 378 804 5proeliantur
405 726 571 801 multosque
598 727 783 802 pertinaciter
813 728 1003 786 succedentes
1032 727 1200 799 vulnerant3

203 843 264 883 non
297 827 474 884 deterrentur
502 835 599 884 tamen
628 826 733 884 milites
764 828 855 885 nostri
886 828 985 885 vineas
1014 827 1143 903 proferre
1172 839 1203 886 et

202 923 300 982 labore
315 935 401 1000 atque
416 924 551 999 operibus
570 925 702 983 locorum
723 927 836 984 vincere
856 925 1045 1006 difficultates.
1084 925 1201 984 Eodem

202 1033 334 1098 ternpore
356 1023 505 1082 cuniculos
526 1032 619 1080 tectos
640 1024 677 1080 ab
702 1024 793 1082 vineis
814 1034 905 1100 agunt
926 1023 963 1083 ad
985 1033 1073 1100 caput
1092 1024 1198 1096 fontis;

203 1122 283 1196 quod
317 1139 411 1196 genus
445 1120 543 1197 operis
577 1122 639 1179 sine
674 1122 733 1181 ullo
767 1123 906 1198 periculo,
935 1124 997 1181 sine
1031 1123 1202 1198 suspicione

159 1246 189 1282 ιο
202 1220 329 1280 hostium
357 1221 452 1278 facere
483 1220 596 1280 licebat.
638 1220 798 1280 Exstruitur
832 1241 922 1298 agger
956 1223 987 1280 in
1018 1222 1198 1280 altitudinem

203 1319 311 1394 pedum
343 1318 501 1394 sexaginta,
531 1318 689 1377 collocatur
719 1320 750 1376 in
778 1337 814 1378 eo
842 1321 925 1378 turris
958 1320 1061 1378 decem
1088 1320 1199 1378 tabula-

203 1428 307 1487 torum,
339 1434 401 1476 non
436 1415 554 1492 quidem
586 1435 661 1492 quae
692 1419 846 1477 moenibus
878 1427 1014 1494 aequaret
1046 1417 1088 1498 (id
1119 1418 1200 1476 enim

202 1515 286 1573 nullis
317 1515 453 1590 operibus
484 1513 558 1572 effici
589 1511 724 1593 poterat)
757 1515 810 1574 sed
840 1534 916 1592 quae
947 1534 1082 1593 superare
1110 1516 1200 1576 fontis

201 1615 348 1693 fastigium
383 1624 492 1692 posset.
533 1615 579 1671 Ex
611 1633 646 1672 ea
673 1633 740 1674 cum
767 1616 824 1673 tela
852 1617 1004 1676 tormentis
1036 1616 1198 1676 iacerentur

159 1737 186 1786 15
202 1715 240 1772 ad
254 1714 341 1774 sontis
360 1714 478 1785 aditum,
493 1731 548 1772 nec
568 1713 631 1772 sine
649 1712 777 1789 periculo
795 1724 917 1789 possent
933 1717 1033 1791 aquari
1047 1716 1197 1792 oppidani,

202 1831 262 1872 non
294 1823 410 1872 tantum
445 1829 553 1888 pecora
586 1821 673 1887 atque
707 1813 844 1883 iumenta,
881 1812 932 1872 sed
967 1814 1054 1871 etiam
1089 1813 1199 1890 magna

201 1912 328 1972 hostium
351 1911 504 1971 multitudo
528 1911 573 1968 siti
596 1911 831 1970 consumebatur.
873 1916 925 1970 42.
950 1911 1020 1984 Quo
1039 1911 1117 1971 malo
1131 1931 1197 1990 per·

200 2014 288 2070 territi
311 2012 449 2088 oppidani
474 2028 565 2087 cupas
588 2027 665 2081 sev0,
688 2009 765 2086 pice,
786 2010 932 2068 scandulis
954 2011 1120 2086 complent;
1146 2030 1198 2072 eas

200 2113 335 2171 ardentes
356 2113 385 2168 in
407 2128 498 2187 opera
519 2097 705 2185 provolvunt,
719 2108 883 2184 eodemque
905 2118 1036 2186 tempore
1058 2111 1200 2169 acenime·
1242 2127 1245 2131 ·

64 2225 69 2238 ·
157 2236 188 2272 20
200 2211 383 2286 proeliantur,
406 2218 438 2267 ut
459 2209 497 2266 ab
521 2207 655 2266 incendio
678 2207 884 2282 restinguendo
907 2207 1100 2266 dimicationis
1122 2210 1198 2284 peri·

201 2309 266 2368 culo
287 2309 448 2367 deterreant
468 2306 628 2365 Romanos.
672 2304 784 2381 Magna
797 2314 916 2381 repente
929 2306 959 2362 in
974 2305 1044 2381 ipsis
1058 2307 1196 2382 operibus

200 2407 318 2464 flamma
336 2405 450 2464 exstitit.
492 2404 704 2479 Quaecumque
724 2404 802 2461 enim
821 2421 873 2480 per
892 2404 990 2463 locum
1008 2395 1196 2482 praecipitem

201 2507 289 2563 missa
313 2513 402 2574 erant,
428 2521 464 2561 ea
490 2503 580 2560 vineis
594 2512 623 2560 et
651 2519 757 2578 aggere
786 2520 942 2579 suppressa
966 2504 1196 2580 comprehende-

200 2608 270 2663 bant
301 2604 331 2662 id
362 2605 467 2680 ipsum,
496 2602 577 2676 quod
607 2602 780 2660 morabatur.
838 2601 947 2662 Milites
973 2614 1074 2662 contra
1105 2606 1196 2663 nostri

156 2739 184 2786 ²5
200 2720 377 2779 quamquam
391 2700 555 2778 periculoso
569 2718 677 2776 genere
696 2700 798 2776 proelii
817 2701 942 2777 locoque
961 2702 1063 2777 iniquo
1081 2721 1195 2779 preme·

200 2805 312 2872 bantur,
341 2812 439 2860 tamen
467 2799 567 2859 omnia
593 2799 749 2859 fortissimo
778 2801 958 2859 sustinebant
985 2802 1092 2861 animo.
1134 2802 1196 2862 Res

139 2891 146 2902 ’
200 2904 277 2960 enim
301 2902 456 2978 gerebatur
480 2910 509 2958 et
534 2889 649 2958 errcelso
673 2899 739 2958 loco
765 2907 794 2957 et
817 2899 847 2956 in
870 2909 1029 2976 conspectu
1053 2901 1196 2960 exercitus

198 3003 288 3061 nostri
311 3017 493 3076 magnusque
511 2999 655 3074 utrimque
675 2997 783 3056 clamor
802 2997 954 3056 oriebatur.
997 2999 1042 3056 Ita
1061 2999 1193 3076 quisque,

198 3111 230 3158 ut
260 3109 320 3158 erat
351 3098 477 3156 maxime
511 3096 640 3171 insignis,
671 3112 730 3171 quo
761 3096 857 3154 notior
887 3098 1074 3173 testatiorque
1107 3097 1197 3158 virtus

155 3230 185 3277 30
199 3209 276 3259 esset
285 3199 356 3270 eius,
366 3197 429 3256 telis
440 3196 568 3256 hostium
577 3194 771 3270 flammaeque
782 3213 813 3253 se
824 3194 972 3254 offerebat.
1012 3202 1065 3256 4³.
1087 3194 1196 3256 Caesar

198 3315 266 3356 curn
286 3297 451 3374 complures
476 3313 544 3355 suos
560 3294 708 3352 vulnerari
732 3294 848 3365 videret,
871 3312 908 3351 ex
932 3294 1070 3353 omnibus
1092 3297 1194 3372 oppidi

199 3397 327 3468 partibus
351 3394 486 3454 cohortes
510 3404 642 3452 montem
668 3393 825 3451 ascendere
850 3402 878 3451 et
906 3392 1088 3453 simulatione
1112 3413 1195 3454 moe·
1258 3383 1260 3390 ’

199 3493 280 3548 nium
295 3494 534 3569 occupandorum
549 3492 707 3550 clamorem
726 3491 856 3566 undique
875 3491 954 3550 iubet
973 3492 1080 3551 tollere.
1123 3492 1195 3566 Quo

200 3587 282 3645 iacto·
313 3593 452 3665 perterriti
489 3591 636 3667 oppidani,
671 3606 747 3660 cum,
782 3589 852 3666 quid
888 3600 1019 3667 ageretur
1054 3593 1084 3649 in
1120 3591 1195 3652 locis
