2686 3910
127 194 267 273 57-61.
341 185 387 255 on
408 173 518 256 aaran
542 209 694 258 caarrco
718 209 828 258 oonrr.
856 209 917 258 νη.
1068 196 1130 279 165

126 355 306 428 provinciam
341 358 528 418 contendisse
565 360 787 418 continuabant.
844 360 991 420 Bellovaci
1032 369 1149 419 autem-

127 451 290 514 defectione
312 458 486 517 Aeduorum
507 459 634 532 cognita,
656 460 705 534 qui
727 469 793 517 ante
815 469 897 518 erant
918 478 970 535 per
985 478 1023 518 se
1044 458 1130 517 infid-

126 551 195 623 eles,
219 572 323 614 manus
347 574 452 631 cogere
475 565 562 632 atque
585 566 684 632 aperte
708 558 817 616 bellum
837 577 939 634 parare
961 568 1128 634 coeperunt

127 649 208 709 Turn
229 651 375 710 Labienus
396 663 477 711 tanta
498 672 594 712 rerum
616 655 846 714 commutatione
866 655 954 732 longe
977 656 1054 714 aliud
1075 655 1129 714 sibi

127 750 303 824 capiendum
335 751 497 822 consilium,
530 762 617 827 atque
650 761 736 811 antea
768 763 906 825 senserat,
934 755 1157 830 intellegebat,5

126 865 224 922 neque
251 848 317 920 iam,
343 859 374 907 ut
397 851 506 926 aliquid
531 851 691 926 acquireret
716 851 886 930 proelioque
910 851 1015 920 hostes
1037 852 1128 910 laces*

127 955 211 1016 seret,
238 947 290 1006 sed
314 958 346 1005 ut
371 949 731 1007 incolumem'exercitum
754 945 941 1025 Agedincum
968 951 1127 1022 reduceret,

126 1045 281 1120 cogitabat.
324 1046 461 1122 Namque
482 1047 571 1105 altera
592 1065 629 1104 ex
651 1056 732 1122 parte
754 1047 910 1120 Bellovaci,
932 1067 1007 1125 quae
1029 1049 1128 1106 civitas

125 1145 157 1202 in
189 1143 283 1202 Gallia
313 1147 472 1203 maximam
503 1144 591 1203 habet
622 1145 793 1221 opinionem
825 1147 943 1218 virtutis,
972 1148 1126 1216 instabant,

125 1243 246 1302 alteram
268 1244 485 1321 Camulogenus
506 1256 608 1319 parato
630 1255 716 1320 atque
737 1246 878 1305 instructo
900 1248 1026 1306 exercitu
1047 1256 1174 1308 tene-10

124 1343 192 1413 bat;
214 1352 277 1400 tum
291 1342 422 1418 legiones
436 1361 453 1400 a
467 1343 612 1417 praesidio
628 1353 715 1418 atque
729 1343 944 1419 impedimentis
958 1346 1127 1404 interclusas

124 1441 287 1500 maximum
311 1442 422 1499 flumen
451 1442 613 1501 distinebat.
656 1441 760 1500 Tantis
790 1443 886 1502 subito
914 1444 1127 1516 difficultatibus

124 1539 246 1598 obiectis
268 1541 306 1598 ab
326 1540 416 1598 animi
436 1539 538 1597 virtute
559 1539 697 1598 auxilium
718 1542 878 1616 petendum
903 1543 1029 1601 videbat.
1072 1549 1127 1602 60.

125 1637 189 1695 Sub
211 1655 366 1713 vesperum
391 1637 512 1695 consilio
538 1629 700 1696 convocato
725 1637 901 1711 cohortatus,
927 1651 958 1698 ut
983 1660 1025 1712 ea,
1051 1658 1127 1716 quae

123 1737 303 1810 imperasset,
337 1736 489 1810 diligenter
523 1736 721 1813 industrieque
752 1737 995 1810 administrarent,
1028 1757 1177 1818 naves15-

124 1851 198 1910 quas
234 1833 397 1892 Meloduno
433 1834 600 1904 deduxerat,
638 1835 767 1910 singulas
803 1837 948 1912 equitibus
984 1837 1139 1896 Romanis·

124 1932 253 1992 attribuit
275 1942 305 1990 et
330 1933 423 2008 prima
444 1931 578 1990 coniecta
601 1931 697 2007 vigilia
723 1943 860 2008 quattuor
883 1935 962 1993 milia
986 1952 1128 2010 passuum

123 2033 255 2092 secundo
269 2033 389 2091 flumine
410 2033 521 2091 silentio
542 2033 677 2107 progredi
697 2033 795 2108 ibique
813 2053 844 2092 se
859 2036 1019 2110 exspectari
1039 2035 1125 2092 iubet.

124 2133 266 2210 Quinque
297 2133 441 2203 cohortes
473 2150 546 2206 quas
578 2132 698 2190 minime
730 2133 827 2190 firmas
859 2134 897 2192 ad
928 2134 1127 2192 dimicandum

122 2250 188 2290 esse
204 2232 397 2302 existimabat,
419 2231 520 2289 castris
545 2230 690 2304 praesidio
716 2231 868 2306 relinquit;
897 2233 1027 2308 quinque
1051 2233 1126 2290 eius·
1142 2257 1176 2291 20

123 2331 193 2389 dem
229 2329 353 2406 legionis
389 2328 514 2404 reliquas
552 2327 588 2386 de
627 2327 724 2386 media
762 2339 847 2386 nocte
885 2347 952 2387 cum
986 2331 1124 2388 omnibus
1162 2343 1164 2346 ·

122 2428 340 2504 impedimentis
371 2427 492 2486 adverso
524 2426 645 2484 llumine
677 2445 786 2503 magno
820 2429 943 2486 tumultu
978 2428 1125 2504 proficisci

122 2528 255 2602 imperat.
311 2525 465 2600 Conquirit
501 2525 589 2582 etiam
629 2524 745 2583 lintres:
786 2525 839 2584 has
877 2544 988 2602 magno
1027 2527 1124 2585 sonitu

122 2644 271 2686 remorum
299 2627 429 2685 incitatas
462 2627 492 2683 in
520 2627 645 2683 eandem
674 2637 787 2700 partem
815 2628 909 2686 mittit.
952 2629 1021 2703 lpse
1056 2638 1125 2702 post

122 2725 213 2801 paulo
238 2725 352 2783 silentio
378 2741 511 2798 egressus
536 2741 604 2780 cum
628 2724 720 2782 tribus
744 2723 908 2799 legionibus
934 2744 1001 2784 eum
1026 2726 1123 2784 locum
1139 2748 1177 2798 25,

122 2826 204 2900 petit,
220 2839 279 2898 quo
294 2841 381 2880 naves
396 2821 501 2897 appelli
519 2823 649 2880 iusserat.
692 2828 737 2880 61.
760 2823 806 2881 Eo
821 2842 888 2882 cum
903 2835 979 2884 esset
995 2834 1122 2893 ventum,

122 2921 321 2997 exploratores
340 2921 475 2990 hostium,
491 2929 522 2977 ut
537 2921 618 2978 omni
633 2920 760 2978 fluminis
779 2932 860 2996 parte
880 2933 960 2981 erant
979 2923 1121 2998 dispositi,

51 3003 55 3010 ’
122 3021 318 3096 inopinantes
340 3019 421 3094 quod
441 3036 549 3093 magna
574 3018 669 3076 subito
691 3028 752 3077 erat
773 3032 873 3078 coorta
897 3032 1063 3096 tempestas
1084 3023 1121 3079 ab

122 3119 230 3181 nostris
251 3118 472 3192 opprimuntur;
499 3117 643 3174 exercitus
664 3118 867 3194 equitatusque
889 3122 1033 3196 equitibus
1059 3118 1121 3177 Ro·

121 3217 217 3274 manis
231 3215 508 3284 administrantibus
524 3233 598 3290 quos
612 3215 639 3272 ei
656 3217 776 3289 negotio
790 3217 976 3290 praefecerat,
991 3217 1120 3276 celeriter
1135 3240 1175 3288 30,

121 3315 331 3372 transmittitur.
373 3311 443 3369 Uno
457 3311 517 3369 lere
536 3323 668 3387 tempore
683 3313 737 3372 sub
751 3314 846 3372 lucem
860 3316 991 3374 hostibus
1005 3315 1119 3371 nuntia-

121 3424 168 3470 tur
186 3413 217 3470 in
232 3413 331 3470 castris
345 3411 549 3468 Romanorum
568 3422 680 3486 praeter
699 3413 940 3471 consuetudinem
954 3412 1118 3470 tumultuari

122 3521 150 3570 et
171 3528 313 3587 magnum
337 3511 378 3567 ire
399 3510 515 3586 agmen'
528 3509 649 3568 adverso
670 3510 788 3569 flumine
813 3512 998 3586 sonitumque
1023 3529 1118 3568 remo-
