2650 3918
48 231 50 236 -
146 196 263 264 6-10.
315 215 406 262 br
427 217 537 266 asaro
560 219 842 273 cnarrcocorrrr.
870 223 932 270 vri.
1079 221 1140 292 139

145 359 283 421 latissime
318 365 433 440 possint
461 377 606 443 vagentur
640 373 672 428 et'
701 388 788 446 quam
819 371 978 428 maximum
1009 363 1141 429 hostibus

146 469 286 518 tenorem
317 462 448 521 inserant.
491 463 627 524 Celeriter
669 466 742 526 haec
778 467 856 526 fama
892 486 926 527 ac
961 469 1069 526 nuntiis
1105 467 1141 526 ad

147 555 416 636 Vercingetorigem
430 563 627 638 perferuntur3
647 584 736 641 quem
750 567 889 642 perterriti
903 584 1007 625 omnes
1021 567 1142 624 Arverni

147 656 360 717 circumsistunt
375 671 462 738 atque
476 663 637 734 obsecrant,
652 675 683 722 ut
702 664 761 722 suis
778 664 899 723 fortunis
920 665 1061 736 consulat,
1082 683 1140 722 neu

146 772 177 812 se
201 755 238 813 ab
263 756 394 816 hostibus
416 759 499 835 diripi
520 761 651 836 patiatur,
665 764 833 838 praesertim
848 781 915 821 cum
937 762 1032 820 videat
1052 775 1140 820 omne
1154 773 1170 828 ,5

146 853 185 910 ad
213 871 244 912 se
265 855 372 914 bellurn
394 858 572 917 translatum.
614 859 749 931 Quorum
770 861 816 920 ille
837 862 971 938 precibus
991 870 1140 940 permotus

145 962 240 1010 castra
254 972 290 1012 ex
305 953 481 1030 Biturigibus
496 967 593 1015 movet
607 959 637 1015 in
652 959 799 1017 Arvernos
813 977 920 1018 versus.
964 965 992 1018 9.
1017 959 1056 1016 At
1067 956 1140 1016 Cae-

145 1067 192 1108 sar
207 1051 327 1110 biduum
338 1053 368 1110 in
383 1053 427 1112 bis
441 1055 514 1113 locis
528 1067 665 1126 moratus,
677 1057 757 1133 quod
771 1057 842 1117 baec
854 1059 890 1116 de
901 1055 1140 1132 Vercingetorige

146 1166 202 1206 usu
221 1160 340 1209 ventura
359 1152 499 1228 opinione
519 1165 714 1230 praeceperat,
733 1173 785 1231 per
806 1174 924 1215 causam
946 1154 1139 1231 supplementi

146 1249 348 1325 equitatusque
374 1251 497 1325 cogendi
520 1252 557 1309 ab
579 1253 706 1311 exercitu
731 1254 860 1325 discedit,
883 1253 1005 1311 Brutum
1027 1252 1140 1310 ad‘ules·
1155 1273 1210 1310 ιο·

145 1355 261 1403 centem
280 1345 324 1405 bis
343 1348 435 1424 copiis
455 1350 599 1424 praeficit3
621 1350 698 1410 bunc
718 1361 826 1422 monet,
841 1363 873 1410 ut
886 1352 916 1409 in
935 1351 1031 1409 omnis
1045 1360 1141 1426 partes

146 1445 258 1519 equites
283 1463 370 1520 quam
395 1446 532 1505 latissime
557 1459 764 1524 pervagentur:
794 1451 927 1508 datiuum
955 1467 987 1507 se
1011 1466 1141 1525 operam,

145 1560 183 1600 ne
211 1541 326 1617 longius
354 1544 449 1602 triduo
478 1546 516 1603 ab
540 1547 640 1606 castris
665 1548 747 1610 absit.
789 1547 846 1606 His
868 1547 1031 1607 constitutis
1055 1547 1140 1606 rebus

147 1641 206 1697 suis
227 1640 444 1715 inopinantibus
464 1661 552 1719 quam
566 1645 700 1703 maximis
720 1655 817 1721 potest
830 1645 978 1720 itineribus
993 1645 1141 1702 Viennam

145 1739 282 1813 pervenit.
307 1799 310 1805 ,
345 1738 390 1798 lbi
417 1751 520 1799 nactus
549 1752 695 1801 recentem
722 1743 889 1819 equitatum,
922 1761 1010 1819 quem
1044 1742 1141 1802 multis
1157 1765 1185 1814 15

146 1847 213 1894 ante
242 1836 343 1894 diebus
364 1855 400 1896 eo
422 1840 616 1914 praemiserat,
637 1858 733 1916 neque
754 1841 857 1900 diurno
881 1859 976 1917 neque
997 1849 1140 1918 nocturno

145 1935 245 1992 itinere
259 1933 423 1993 intermisso
438 1954 491 2012 per
504 1937 577 1995 fines
591 1938 761 1996 Aeduorum
775 1938 805 1995 in
819 1938 969 2014 Lingones
984 1937 1140 2010 contendit,

146 2033 196 2090 ubi
216 2033 290 2090 duae
307 2033 437 2108 legiones
457 2035 632 2105 hiemabant,
647 2046 686 2107 ut,
702 2037 726 2093 si
741 2035 810 2113 quid
824 2037 912 2094 etiam
926 2037 963 2094 de
979 2053 1032 2094 sua
1050 2035 1141 2093 salute

146 2132 184 2196 ab
204 2130 314 2189 Aeduis
334 2132 452 2189 iniretur
471 2133 589 2204 consilii,
610 2134 754 2192 celeritate
774 2143 977 2210 praecurreret.
1012 2129 1140 2190 Eccum

146 2229 332 2304 pervenisset,
354 2230 392 2288 ad
413 2230 537 2307 reliquas
562 2231 694 2307 legiones
715 2232 800 2290 mittit
824 2233 961 2308 priusque
982 2248 1086 2289 ornnes
1111 2230 1141 2288 in
1157 2257 1188 2292 πο

146 2345 238 2386 unum
255 2329 352 2387 locum
372 2330 458 2405 cogit,
473 2348 562 2405 quam
583 2331 620 2388 de
641 2331 702 2389 eius
724 2331 849 2389 adventu
863 2331 1000 2389 Arvernis
1019 2329 1142 2390 nuntiari

147 2427 246 2502 possit.
291 2425 359 2491 Hac
384 2428 554 2504 recognita
576 2427 797 2504 Vercingetorix
822 2446 920 2487 rursus
944 2429 974 2486 in
997 2428 1141 2504 Bituriges

147 2525 305 2583 exercitum
325 2525 436 2588 reducit
457 2535 543 2601 atque
563 2526 631 2584 inde
651 2527 798 2602 profectus
821 2526 1031 2602 Gorgobinam,
1053 2526 1142 2586 Boio-

146 2643 211 2681 rum
240 2624 390 2699 oppidum,
419 2641 494 2699 quos
523 2625 562 2682 ibi
592 2625 744 2684 Helvetico
774 2627 886 2702 proelio
915 2626 1007 2684 victos
1035 2624 1143 2685 Caesar

146 2722 338 2780 collocaverat
377 2721 546 2797 Aeduisque
587 2723 760 2794 attribuerat,
799 2743 971 2801 oppugnare
1012 2725 1142 2784 instituit.
1158 2750 1188 2796 ας,

147 2826 196 2879 10.
219 2819 360 2895 Magnam
387 2819 459 2880 baec
487 2839 533 2879 res
561 2821 678 2880 Caesari
704 2822 899 2881 difficultatem
927 2824 965 2883 ad
989 2824 1142 2882 consilium

146 2917 322 2994 capiendum
347 2919 492 2990 afferebat,
518 2921 541 2977 si
566 2921 705 2998 reliquam
729 2931 840 2996 partein
866 2921 969 2981 hiemis
993 2940 1053 2980 uno
1076 2923 1142 2982 loco

147 3017 278 3093 legiones
303 3018 470 3090 contineret,
493 3037 531 3077 ne
556 3019 747 3094 stipendiariis
771 3020 941 3078 Aeduorum
969 3019 1142 3097 expugnatis

147 3125 251 3174 cuncta
265 3115 360 3174 Galba
377 3116 519 3188 deiiceret,
534 3117 613 3193 quod
628 3118 738 3175 nullum
757 3119 858 3176 amicis
871 3119 902 3176 in
917 3137 952 3178 eo
967 3117 1142 3195 praesidium

144 3215 255 3274 videret
276 3214 403 3290 positum
426 3234 506 3274 esse:
529 3217 554 3275 si
574 3217 712 3275 maturius
733 3235 769 3274 ex
791 3216 918 3275 hibernis
939 3218 1082 3286 educeret,
1103 3233 1141 3273 ne
1156 3241 1187 3290 go

147 3314 185 3371 ab
198 3332 229 3372 re
244 3313 430 3372 frumentaria
449 3315 528 3373 duris
547 3315 781 3374 subvectionibus
799 3316 951 3373 laboraret.
993 3313 1142 3376 Praestare

147 3413 238 3471 visum
267 3423 310 3470 est
337 3424 437 3471 tamen
464 3414 560 3471 omnis
589 3413 768 3472 difficultates
798 3413 917 3491 perpeti,
945 3431 1034 3488 quam
1060 3422 1141 3474 ‚tanta

146 3511 321 3572 contumelia
352 3521 472 3587 accepta
504 3512 636 3570 omnium
668 3531 786 3572 suorum
818 3512 978 3570 voluntates
1006 3512 1139 3578 alienare
