2650 3918
188 178 229 254 76
256 219 257 224 ,
510 191 539 240 e.
561 191 657 240 ιιιιιι
678 191 851 242 οιιιιιιιι
927 183 928 186 ’
1138 197 1185 241 ιι.

187 341 326 416 iectisque
341 337 491 400 distribuit.
533 341 603 400 Huc
622 342 800 401 accedebant
819 357 899 400 xv111
918 342 1068 402 onerariae
1085 359 1185 413 navae,

187 457 263 516 quae
281 457 318 498 ex
336 456 373 498 eo
392 439 459 499 loco
477 441 514 498 ab
532 440 647 500 milibus
662 459 800 516 passuum
816 449 885 500 octo
901 451 989 500 vento
1003 443 1185 512 tenebantur,

188 546 247 614 quo
262 537 358 596 minus
371 539 401 596 in
416 539 542 598 eundem
555 548 672 615 portum
691 539 788 597 venire
806 547 941 614 possent:
970 533 1024 598 has
1041 541 1186 616 equitibus

189 636 338 696 distribuit.
379 637 537 714 Reliquum
556 638 713 696 exercitum
728 637 765 708 Q.
781 637 894 696 Titurio
913 637 1021 697 Sabino
1037 649 1065 696 et
1078 639 1111 697 L.
1124 637 1186 697 Au·

161 735 338 806 5runculeio
362 734 465 794 Cottae
489 736 591 812 legatis
615 737 645 793 in
670 735 827 812 Menapios
852 745 938 812 atque
960 737 990 795 in
1014 755 1067 796 eos
1091 754 1187 813 pagos

189 833 382 905 Morinorum,
395 835 432 892 ab
443 834 548 910 quibus
559 833 596 892 ad
610 852 678 892 eum
692 833 779 910 legati
790 852 850 893 non
861 845 1006 906 venerant,
1018 834 1187 894 ducendum

190 931 269 990 dedit
277 952 285 1005 3
307 931 339 990 P.
352 931 511 1008 Sulpicium
530 931 641 990 Rufum
661 931 789 1008 legatum
803 951 871 991 cum
884 951 921 991 eo
936 933 1089 1011 praesidio
1105 933 1187 1010 quod

189 1032 258 1090 satis
278 1050 342 1090 esse
362 1031 557 1102 arbitrabatur,
574 1040 691 1107 portum
710 1041 808 1107 tenere
829 1031 919 1090 iussit.
961 1038 1013 1092 23.
1035 1031 1092 1090 His
1113 1050 1186 1090 eon-

189 1132 293 1190 stitutis
310 1131 396 1188 rebus
417 1139 520 1188 nactus
540 1130 679 1188 idoneam
699 1130 737 1188 ad
758 1131 955 1206 navigandum
982 1140 1187 1208 tempestatem

147 1255 176 1290 10
189 1231 272 1288 tertia
299 1228 359 1287 fere
386 1228 481 1304 vigilia
508 1229 591 1286 solm't
619 1229 788 1305 equitesque
815 1230 846 1288 in
876 1229 917 1288 ult
907 1230 1041 1288 teriorem
1068 1241 1187 1306 portum

189 1345 243 1404 pro
244 1337 368 1403 greret
382 1340 469 1386 naves
490 1327 686 1386 conscendere
705 1336 735 1385 et
753 1346 785 1386 se
805 1327 886 1404 sequi
905 1328 995 1387 iussit
1037 1329 1065 1386 Α
1080 1327 1186 1404 quibus

190 1327 359 1502 cumlssu
313 1386 480 1485 ιῙι(ιιιιιιὶιιί
495 1436 571 1485 esset
587 1425 848 1498 administratum,
841 1445 903 1502 ipse
917 1427 990 1485 hora
1004 1427 1115 1486 circiter
1129 1427 1187 1484 diei

190 1535 292 1602 quarta
311 1544 379 1583 eum
400 1525 500 1602 primis
520 1526 640 1584 navibus
661 1523 840 1583 Britanniam
861 1525 954 1602 attigit
977 1535 1063 1602 atque
1087 1524 1128 1582 ibi
1156 1525 1187 1582 in
1254 1540 1257 1545 ·

190 1623 326 1682 omnibus
341 1623 462 1682 collibus
477 1623 625 1700 expositas
638 1623 766 1682 hostium
776 1624 877 1700 copias
889 1633 1013 1682 armatas
1025 1623 1206 1700 comperite

147 1741 176 1792 15
191 1720 281 1781 Cuius
295 1721 352 1780 loci
365 1722 438 1781 haec
452 1732 513 1805 erat
526 1733 636 1793 natura,
648 1733 733 1798 atque
748 1723 787 1780 ita
800 1723 948 1781 montibus
962 1722 1092 1798 angustis
1106 1738 1188 1778 mare

191 1821 400 1893 continebatur,
418 1823 460 1880 uti
484 1840 520 1880 ex
544 1822 617 1882 locis
641 1821 887 1899 superioribusrin
910 1821 976 1879 litus
997 1821 1087 1879 telum
1109 1819 1188 1895 adigi

190 1928 300 1996 posset.
342 1918 432 1980 Hunc
451 1920 489 1979 ad
508 1921 717 1996 egrediendum
736 1921 842 1996 nequa
853 1937 922 1978 uam
935 1919 1075 1977 idoneum
1089 1918 1190 1976 locum

191 2019 352 2090 arbitratus,
374 2019 444 2077 dum
472 2019 599 2094 reliquae
626 2037 715 2077 naves
739 2037 776 2078 eo
804 1983 1000 2088 dontienirent
1023 2017 1060 2075 ad
1084 2015 1189 2074 horam

191 2135 302 2176 nonam
320 2117 353 2176 in
373 2118 488 2176 ancoris
510 2117 693 2194 exspectavit.
737 2117 856 2175 Interim
880 2116 982 2192 legatis
1009 2113 1190 2190 tribunisque

146 2241 179 2276 ιο
191 2216 314 2273 militum
331 2207 475 2274 convocat
475 2217 500 2274 is
519 2227 548 2274 et
567 2234 641 2292 quae
661 2235 749 2321 eq
714 2214 866 2273 Voluseno
886 2223 1052 2290 cognosset,
1067 2221 1096 2270 et
1113 2229 1190 2288 quae

192 2313 252 2372 fieri
266 2313 359 2385 vellet,
373 2313 501 2373 ostendit
519 2295 707 2389 monuitque,
714 2323 745 2372 ιιι
732 2283 819 2372 rei(
818 2312 947 2370 militans
964 2312 1046 2382 ratio,
1061 2311 1189 2368 maxime

191 2420 224 2468 ut
237 2411 425 2496 maritimae,
408 2430 454 2470 res
457 2410 655 2490 p,ostularent
665 2421 698 2469 ut
709 2431 783 2488 quae
794 2411 917 2470 celerem
928 2419 1014 2486 atque
1025 2409 1190 2467 instabilem

193 2519 306 2567 motum
326 2497 474 2581 baberent,
489 2509 526 2567 ad
547 2518 650 2567 nutum
670 2519 699 2568 et
720 2511 757 2568 ad
776 2520 891 2586 tempus
909 2527 1013 2567 omnes
1032 2525 1078 2566 res
1098 2507 1136 2584 ab
1154 2507 1190 2564 iis

193 2607 467 2667 administrarentur.
509 2607 566 2666 His
590 2607 715 2666 dimissis
742 2619 771 2668 et
798 2617 915 2666 ventum
940 2617 969 2665 et
993 2615 1105 2665 aestum
1127 2622 1190 2663 uno

149 2728 179 2778 25
193 2716 325 2782 tempore
349 2717 450 2764 nactus
475 2697 636 2766 secundum
665 2706 733 2766 dato
759 2707 843 2782 signo
872 2715 901 2764 et
928 2705 1046 2765 sublatis
1074 2705 1190 2762 ancoris

194 2805 306 2864 circiter
317 2805 397 2916 milia
411 2823 550 2881 passuum
562 2816 675 2882 septem
689 2806 726 2862 ab
737 2823 774 2863 eo
783 2805 850 2863 loeo
859 2822 1029 2882 progressus
1043 2811 1146 2879 aperto
1155 2820 1190 2860 ac

193 2904 282 2982 plano
304 2871 354 2960 lit
325 2912 388 2962 tore
409 2921 498 2962 naves
523 2905 678 2962 constituit.
720 2909 774 2963 24.
795 2902 835 2961 At
856 2903 969 2962 barbari
991 2902 1113 2960 consilio
1127 2901 1191 2960 Ro-

194 3020 350 3063 manorum
376 3004 497 3078 cognito
526 3005 687 3078 praemisso
720 3001 848 3078 equitatu
878 3011 907 3059 et
941 3001 1102 3108 essedariis,
1110 3019 1192 3113 quo

147 3148 149 3153 .
194 3105 370 3180 plerumque
383 3119 491 3177 genere
511 3102 542 3159 in
560 3101 677 3178 proeliis
698 3101 740 3159 uti
759 3110 944 3172 consuerunt,
963 3081 1040 3158 reli
1098 3101 1194 3175 copiis

151 3226 182 3273 30
195 3202 340 3261 subsecuti
359 3208 475 3258 nostros
496 3201 616 3258 navibus
636 3201 734 3278 egredi
753 3199 954 3276 prohibebant
937 3095 1124 3270 &ab
1139 3199 1193 3260 has

195 3319 298 3360 causas
318 3317 432 3359 summa
451 3298 609 3371 difficultas,
625 3298 706 3376 quod
724 3317 812 3357 naves
806 3307 945 3399 propter
957 3297 1193 3374 magnitudinem

195 3399 250 3456 nisi
278 3400 307 3456 in
329 3399 386 3457 alto
408 3398 542 3457 constitui
563 3415 624 3456 non
645 3406 805 3490 poterant,
795 3373 879 3456 milit
880 3374 943 3456 ibus
965 3407 1063 3455 autem
1083 3396 1193 3472 ignotis

195 3495 276 3566 locis,
300 3498 446 3575 impeditis
471 3495 614 3567 manibus,
638 3513 749 3572 magno
774 3505 803 3555 et
826 3496 906 3572 gravi
929 3513 1019 3554 onere
1042 3513 1192 3555 annorum
