2630 3916
186 189 229 256 ao
242 96 371 337 ὑμέ
459 217 488 226 ..
516 185 545 238 c.
567 185 663 238 marr
681 185 854 238 erasmus
1074 273 1079 280 a
1153 193 1178 238 1.

187 339 211 398 si
230 341 297 416 qud
310 350 371 401 erat
391 285 729 418 longiusstprodeundum'
756 348 805 400 aut
830 307 962 400 celerius,
976 322 1104 416 reciprcn
1126 353 1177 398 um

186 445 266 496 tanta
292 449 352 498 erat
379 439 484 518 hortun
504 439 714 538 exerc'tatione·
727 439 866 512 celeritas,
886 448 918 498 ot
938 410 1177 516 hiideqmrum

187 537 325 596 sublevati
339 509 672 616 cdrffladaequarent.
702 544 756 598 49.
778 537 837 597 Ubi
847 554 914 597 eum
924 515 1067 598 castris‘se
1078 547 1177 596 tenere

187 631 297 694 Caesar
316 636 460 707 intellexit,
482 652 519 695 ne
546 635 652 695 diutius
680 640 844 696 commeato
871 602 1085 714 prolaberetur}
1100 637 1179 696 ultra

159 748 255 798 scum
285 734 391 804 locum,
419 751 479 811 quo
506 733 630 814 inloco
659 732 807 794 Germani¹
832 735 1033 807 consederant,
1063 736 1177 794 circiter

186 849 289 910 passus
317 837 471 892 sexcentos
497 833 535 892 ab
565 833 609 904 iis,
637 797 751 892 castrisS
765 833 903 894 idoneum
929 816 1027 893 locum
1059 834 1175 910 delegit,

186 931 305 1007 acieque
332 911 435 1006 triplici
462 931 600 990 instructa
627 931 665 990 ad
691 919 760 990 eum
786 931 885 991 locum
911 932 996 991 venit.
1047 931 1175 990 Primam

186 1035 216 1088 et
236 1028 396 1088 secundam
417 1029 511 1088 aciem
533 1029 563 1088 in
590 1029 678 1088 armis
702 1046 775 1100 esse,
800 1030 913 1089 tertiam
941 1039 1035 1090 castra
1061 1030 1176 1090 munire

185 1127 275 1188 iussit.
317 1126 375 1186 Hic
401 1128 484 1188 locus
510 1128 548 1187 ab
574 1127 658 1188 hoste
685 1128 796 1186 circiter
816 1139 921 1204 passus
949 1138 1111 1200 sexcentos,
1133 1130 1176 1188 uti
1190 1202 1191 1206 Ἰ
1207 1187 1216 1208 χ,

143 1246 173 1283 10
186 1225 363 1297 dictumest,
381 1227 487 1284 aberat.
529 1225 574 1284 Eo
596 1227 706 1294 circiter
729 1226 883 1285 hominum
904 1243 1026 1287 numero
1048 1201 1194 1286 sedebit*
1209 1199 1230 1224 '¹

186 1323 264 1382 milia
285 1325 420 1400 expedita
440 1339 509 1384 curn
535 1326 617 1384 omni
644 1345 660 1384 e
703 1325 774 1383 'tatu
793 1325 955 1384 Ariovistus
982 1326 1069 1396 misit,
1099 1340 1175 1402 quae

185 1422 307 1516 coplaeQ
328 1432 443 1534 ssqfflffl
484 1431 671 1500 perterrerent
713 1429 743 1482 et
781 1423 943 1482 minutione
980 1388 1178 1499 prohiberend.

186 1518 286 1580 Nihilo
316 1497 565 1594 'ddcrud*'Caesar,
599 1532 631 1581 ut
665 1530 732 1582 ante
766 1521 962 1591 constituerat,
991 1521 1064 1580 duas
1098 1521 1176 1579 acies

185 1617 300 1678 hostem
324 1619 501 1696 propulsare,
522 1621 636 1680 tertiam
662 1637 738 1696 opus
759 1619 898 1696 perficere
919 1619 1009 1677 iussit
1052 1617 1176 1678 Munitis

143 1735 171 1786 15
186 1693 305 1776 castris5
314 1717 385 1784 duas
413 1719 452 1776 ibi
479 1719 611 1796 legiones
642 1718 755 1795 reliquit
787 1727 817 1775 et
846 1726 957 1793 partem
990 1716 1172 1787 auxiliorum,

186 1823 321 1892 quattuor
341 1816 465 1892 reliquas
486 1817 516 1875 in
537 1827 630 1876 castra
649 1815 905 1918 ¹¹¹²³⁰¹²riid³i¹i¹²
948 1819 1002 1872 50.
1031 1811 1171 1872 Proximo

186 1911 232 1972 die
250 1915 381 2020 instituo
402 1933 456 1974 suo
477 1914 620 1974 Caesare
639 1915 739 1974 castris
759 1892 888 1990 tftridr'pue
907 1912 1008 1989 copias
1021 1925 1089 1970 suas
1103 1909 1174 1969 edu·

185 2013 226 2070 xit
240 1998 416 2092 paulumdue
430 2031 447 2072 a
460 2013 618 2073 maioribus
633 2013 732 2072 castris
746 2027 918 2088 progressus
928 2011 1021 2069 aciem
1031 2009 1174 2082 instruxit,

184 2109 315 2172 hostibus
337 2112 487 2189 pugnandi
509 2120 683 2189 potestatem
706 2110 783 2170 fecit.
824 2109 883 2168 Ubi
904 2127 942 2168 ne
968 2118 1031 2168 tum
1055 2107 1174 2186 quidem

140 2227 172 2262 ao
185 2226 236 2267 eos
257 2211 372 2286 prodire
390 2211 536 2282 intellexit,
551 2213 662 2271 circiter
680 2209 831 2268 meridiem
850 2207 1008 2268 exercitum
1028 2207 1059 2265 in
1080 2215 1175 2266 castra

132 2345 133 2348 ,
184 2306 304 2366 reduxit.
346 2307 425 2366 Tum
446 2307 565 2366 demum
584 2308 743 2366 Ariovistus
757 2310 870 2383 partem
884 2323 1001 2367 suarum
1014 2306 1193 2418 ffliffind’s

184 2415 376 2500 qoaefficastra
401 2405 515 2463 minora
542 2415 734 2481 oppugnaret,
763 2407 847 2465 misit.
890 2406 1001 2466 Acriter
1027 2385 1206 2481 uinniqu'e'*

186 2481 278 2579 usqdre
311 2504 349 2563 ad
376 2519 529 2579 vesperum
563 2511 725 2578 pugnatum
752 2513 804 2562 est.
860 2503 935 2565 Solis
967 2519 1073 2562 occasu
1105 2517 1173 2562 suas

185 2593 286 2679 copias
316 2602 477 2661 Ariovistus
504 2601 602 2660 multis
630 2611 659 2659 et
685 2601 769 2660 illatis
796 2611 825 2660 et
852 2603 980 2680 acceptis
1006 2601 1172 2660 vulneribus

141 2713 168 2764 2⁵
184 2702 214 2759 in
228 2710 322 2760 castra
335 2700 455 2760 reduxit.
498 2698 574 2758 Cum
593 2715 630 2758 ex
649 2699 769 2776 captivis
788 2710 938 2776 quaereret
952 2700 1069 2772 Caesar,
1083 2715 1172 2777 quam

184 2801 225 2859 ob
247 2818 309 2858 rem
332 2800 492 2860 Ariovistus
510 2798 620 2876 proelio
644 2815 706 2856 non
729 2799 895 2870 decertaret,
915 2800 991 2858 hanc
1012 2799 1172 2876 reperiebat

186 2915 311 2970 causam,
338 2899 420 2975 quod
446 2897 525 2974 apud
555 2893 719 2956 Gennanos
750 2913 785 2955 ea
814 2899 995 2958 consuetudo
1025 2907 1109 2969 esset,
1139 2906 1172 2955 ut

183 2995 415 3054 matresfamiliae
429 3013 530 3056 eorum
544 2995 669 3054 sortibus
682 3003 712 3054 et
725 2995 976 3058 vaticinationibus
985 2998 1171 3067 declararent,

184 3104 281 3152 utrum
307 3095 449 3170 proelium
477 3087 618 3154 committi
645 3109 682 3152 ex
713 3111 769 3152 usu
798 3105 876 3154 esset
910 3113 1020 3169 necne,
1055 3111 1104 3154 eas
1132 3093 1173 3152 ita
1269 3165 1271 3170 ,

139 3197 170 3246 30
185 3190 297 3250 dicere:
326 3208 387 3250 non
411 3209 474 3250 esse
502 3193 545 3252 fas
573 3192 738 3252 Germanos
766 3209 909 3270 superare,
931 3195 955 3253 si
975 3203 1042 3254 ante
1063 3207 1173 3253 novam

182 3287 280 3345 lunam
293 3289 404 3364 proelio
415 3291 641 3350 contendissent.
683 3299 730 3352 51.
762 3291 902 3353 Postridie
916 3293 977 3352 eius
991 3293 1048 3352 diei
1062 3289 1173 3351 Caesar

183 3385 358 3457 praesidium
384 3387 512 3465 utrisque
539 3391 648 3462 castris,
676 3392 757 3469 quod
791 3393 861 3452 satis
892 3409 957 3450 esse
991 3391 1084 3450 visum
1117 3399 1172 3462 est,

183 3477 302 3555 reliquit,
330 3486 426 3546 omnis
455 3485 558 3546 alarios
585 3488 616 3546 in
646 3499 807 3567 conspectu
833 3489 960 3550 hostiurn
987 3503 1040 3567 pro
1068 3489 1172 3548 castris
1276 3521 1279 3525 -
