2686 3910
142 203 235 284 7—9.
338 205 385 253 or
406 205 518 256 uarro
542 205 694 256 onrrroo
718 206 828 255 carru.
855 207 933 256 vrrr.
1077 191 1136 272 187
1164 244 1168 250 .

140 367 259 414 suorum
294 359 438 433 paucitate
472 359 622 435 prodirent
657 360 686 416 in
721 361 823 420 aciem.
867 358 1032 436 Singularis·
1060 359 1138 416 enim

138 456 250 514 virtutis
268 458 437 515 veterrimas
456 457 587 533 legiones
607 475 663 529 vn,
679 475 747 528 vrrr,
763 475 834 516 vnn
848 458 983 528 habebat,
1005 475 1138 515 summae

139 555 202 630 spei
224 553 411 630 delectaeque
436 556 589 614 iuventutis
615 573 657 627 x1,
681 575 757 632 quae
782 565 885 615 octavo
909 557 969 613 iam
992 554 1138 632 stipendio

139 653 289 711 tamenin
314 653 469 712 collatione
490 653 664 730 reliquarum
686 654 819 712 nondum
843 653 968 712 eandem
990 653 1138 712 vetustatis

140 771 174 812 ac
202 753 311 810 virtutis
345 763 461 829 ceperat
489 753 668 830 opinionem.
712 753 815 827 Itaque
844 753 966 812 consilio
995 753 1165 811 advocatos

140 853 226 909 rebus
256 852 298 922 iis,
327 869 403 927 quae
431 851 469 909 ad
498 868 530 909 se
556 861 655 908 essent
683 850 805 921 delatae,
831 853 969 910 omnibus
997 851 1138 927 expositis

139 948 255 1007 animos
293 948 482 1008 multitudinis
522 949 682 1007 confirmat.
736 948 766 1005 Si
804 948 877 1007 forte
915 949 1015 1008 hostes
1053 949 1138 1007 trium

139 1047 289 1122 legionum
314 1065 437 1104 numero
463 1055 564 1122 posset
588 1045 690 1105 elicere
715 1047 752 1104 ad
778 1046 985 1122 dimicandum,
1014 1047 1139 1124 agminis

140 1146 273 1204 ordinem
294 1145 334 1204 ita
354 1146 509 1216 constituit,
530 1155 563 1203 ut
583 1146 660 1221 legio
682 1146 813 1221 septima,
836 1157 945 1218 octava,
967 1165 1048 1205 nona
1072 1155 1139 1204 ante

141 1245 241 1304 omnia
259 1244 334 1302 irent
352 1243 569 1319 impedimenta,
590 1244 695 1302 deinde
714 1245 846 1302 omnium
863 1245 1140 1321 impedimentorum
1156 1262 1185 1296 10

141 1333 258 1420 agmen,
284 1342 364 1418 quod
388 1352 486 1401 tamen
514 1352 575 1401 erat
603 1343 758 1413 mediocre,
789 1352 819 1400 ut
847 1343 878 1401 in
906 1344 1140 1420 expeditionibus

141 1461 207 1501 esse
232 1441 391 1512 consuevit,
417 1452 537 1517 cogeret
558 1440 722 1512 undecima,
744 1459 782 1498 ne
806 1441 923 1499 maioris
948 1441 1139 1500 multitudinis

142 1543 256 1617 species
277 1540 408 1599 accidere
426 1540 559 1599 hostibus
576 1549 685 1616 posset,
707 1557 796 1614 quam
814 1539 869 1616 ipsi
890 1540 1140 1615 depoposcissent.

142 1639 210 1698 Hac
225 1639 336 1697 ratione
351 1655 445 1714 paene
460 1637 603 1714 quadrato
617 1638 734 1712 agmine
749 1637 888 1696 instructo
903 1637 933 1694 in
949 1646 1140 1713 conspectum

141 1737 270 1796 hostium
284 1737 405 1795 celerius
418 1736 559 1812 opinione
573 1753 675 1794 eorum
690 1736 847 1794 exercitum
863 1735 986 1795 adducit.
1018 1743 1048 1795 9.
1065 1734 1140 1794 Cum
1157 1754 1185 1802 15

7 1867 16 1890 ¹.
60 1891 62 1895 .
143 1845 263 1912 repente
291 1836 446 1892 instructas
471 1834 602 1891 velutin
625 1834 688 1892 acie
712 1843 792 1892 certo
818 1834 910 1909 gradu
934 1833 1066 1908 legiones
1093 1851 1141 1890 ac-

142 1936 246 1994 cedere
275 1933 350 1992 Galli
379 1934 517 2004 viderent,
547 1950 671 2009 quorum
699 1940 779 1989 erant
807 1931 844 1989 ad
869 1930 1026 1991 Caesarem
1054 1930 1141 2007 plena

142 2033 267 2092 fiduciae
304 2032 428 2091 consilia
462 2031 580 2108 perlata,
618 2030 676 2089 sive
715 2030 881 2088 certaminis
916 2029 1045 2106 periculo
1081 2030 1140 2090 sive

143 2133 240 2192 subito
269 2132 396 2191 adventu
426 2131 484 2189 sive
514 2129 732 2204 exspectatione
764 2130 856 2185 nostri
892 2127 1005 2185 consilii
1040 2129 1141 2203 copias

142 2233 288 2290 instruunt
329 2246 383 2306 pro
431 2229 534 2287 castris
578 2245 633 2285 nec
676 2226 744 2284 loco
787 2229 934 2302 superiore
988 2229 1140 2288 decedunt.
1156 2259 1188 2292 20

142 2329 259 2401 Caesar,
288 2329 342 2387 etsi
371 2328 509 2386 dimicare
528 2334 686 2401 optaverat,
716 2333 814 2382 tamen
843 2327 1001 2387 admiratus
1029 2336 1141 2386 tantam

142 2428 357 2486 multitudinem
391 2425 519 2484 hostium
554 2424 625 2482 valle
660 2423 824 2482 intermissa
856 2427 950 2502 magis
982 2426 1013 2484 in
1047 2427 1142 2485 altitu·

141 2527 242 2586 dinem
264 2527 404 2602 depressa
425 2541 514 2600 quam
535 2522 592 2580 late
615 2531 732 2597 patente
765 2533 859 2581 castra
888 2525 989 2583 castris
1013 2525 1141 2584 hostium

142 2625 264 2685 confert.
306 2623 392 2681 Haec
430 2624 554 2697 imperat
586 2621 679 2679 vallo¹
699 2621 808 2696 pedum
841 2638 889 2679 xrr
925 2623 1039 2695 muniri,
1074 2625 1143 2683 lori·

142 2725 239 2783 culam
263 2740 316 2798 pro
342 2719 419 2800 (hac)
444 2721 558 2779 ratione
583 2720 645 2778 eius
675 2719 832 2778 altitudinis
858 2720 1052 2794 inaedificari;
1083 2722 1143 2780 fos·
1158 2751 1186 2798 25

143 2840 209 2882 sam
237 2819 383 2895 duplicem
407 2819 517 2896 pedum
547 2818 657 2876 denum
689 2819 812 2893 quinum
845 2820 983 2879 lateribus
1018 2821 1144 2896 deprimi

142 2919 277 2989 directis;
300 2918 385 2974 turris
404 2917 523 2975 excitari
542 2917 658 2974 crebras
678 2917 709 2973 in
728 2916 910 2975 altitudinem
929 2918 1015 2976 trium
1033 2919 1143 2977 tabula·

143 3029 248 3088 torum,
277 3015 415 3092 pontibus
443 3014 569 3072 traiectis
598 3015 812 3091 constratisque
841 3017 988 3092 coniungi,
1018 3034 1143 3093 quorum

143 3116 254 3176 frontes
274 3112 399 3172 viminea
417 3113 537 3171 loricula
553 3112 751 3170 munirentur:
780 3123 811 3171 ut
831 3115 868 3172 ab
885 3115 1017 3173 hostibus
1037 3113 1143 3188 duplici

145 3216 232 3284 fossa,
249 3212 357 3288 duplici
376 3221 627 3288 propugnatorum
646 3210 749 3269 ordine
766 3212 997 3283 defenderentur,
1017 3229 1143 3286 quorum
1158 3237 1190 3286 30

145 3314 215 3371 alter
232 3331 269 3370 ex
290 3310 439 3386 pontibus,
460 3325 521 3384 quo
542 3309 629 3366 tutior
650 3309 799 3368 altitudine
821 3321 906 3381 esset,
926 3309 984 3367 hoc
1005 3308 1143 3366 audacius

144 3411 320 3486 longiusque
334 3409 512 3485 permitteret
526 3408 591 3477 tela,
610 3408 688 3479 alter,
709 3409 759 3485 qui
773 3410 892 3484 propior
906 3407 1020 3465 hostem
1034 3408 1064 3463 in
1078 3407 1143 3481 ipso

144 3509 220 3568 vallo
240 3507 400 3566 collocatus
422 3516 506 3577 esset,
528 3515 618 3582 ponte
640 3507 678 3566 ab
699 3507 891 3566 incidentibus
913 3505 976 3565 telis
993 3514 1142 3582 tegeretur.
