2686 3910
205 185 265 248 208
336 199 371 246 Α.
393 197 517 246 urarrr
537 199 582 246 nn
604 199 699 246 sarr.
725 197 824 246 narr.
850 197 960 246 corun.
987 198 1063 246 rrrr.

203 360 232 408 et
260 349 357 412 Crassi
384 352 518 410 retulerat
542 361 609 410 ante
634 361 750 428 tempus
773 351 812 410 ad
840 361 971 410 senatum
1000 351 1037 410 de
1067 349 1207 410 Caesaris

203 451 367 524 provinciis,
389 451 595 528 sententiisque
621 450 704 508 dictis
733 449 940 509 discessionem
967 449 1092 508 faciente
1119 448 1206 507 Mar-

204 549 285 620 celle,
322 551 371 624 qui
407 550 460 608 sibi
496 567 615 607 omnem
652 547 822 624 dignitatem
858 567 894 606 ex
930 545 1062 607 Caesaris
1095 547 1208 606 invidia

204 648 369 722 quaerebat,
385 658 502 706 senatus
523 647 660 722 frequens
682 647 712 704 in
733 646 788 704 alia
808 648 908 706 omnia
928 647 1046 705 transiit.
1088 645 1209 717 Quibus

176 763 265 812 anon
286 746 492 820 frangebantur
513 747 601 804 animi
622 746 806 803 inimicorum
827 745 968 817 Caesaris,
989 744 1040 804 sed
1063 745 1208 816 admone·

204 847 317 915 bantur,
332 863 392 920 quo
407 845 530 903 maiores
544 854 680 921 pararent
693 844 887 913 necessitates,
903 844 1008 930 quibus
1023 845 1089 919 cogi
1104 853 1207 919 posset

205 953 322 1002 senatus
336 944 365 1002 id
380 945 512 1019 probare,
528 942 608 1018 quod
622 942 677 1018 ipsi
695 943 920 1000 constituissent.
964 948 1017 1002 54.
1039 942 1085 999 Fit
1098 941 1207 1000 deinde

204 1041 494 1116 senatusconsultum,
523 1050 555 1098 ut
588 1042 625 1100 ad
657 1040 764 1098 bellurn
796 1040 963 1099 Parthicum
991 1041 1068 1116 legio
1096 1058 1153 1097 una
1187 1057 1207 1097 a

206 1141 260 1200 Cn.
275 1141 426 1216 Pompeio,
442 1141 530 1198 altera
544 1157 561 1197 a
576 1137 609 1197 C.
623 1137 748 1197 Caesare
766 1140 941 1210 mitteretur3
964 1157 1059 1216 neque
1081 1140 1206 1197 obscure

162 1263 192 1302 10
205 1241 279 1300 duae
301 1239 429 1315 legiones
452 1238 501 1294 uni
523 1235 717 1295 detrahuntur.
735 1313 737 1318 Ι
760 1235 839 1295 Nam
861 1236 919 1296 Cn,
934 1237 1092 1314 Pompeius
1112 1237 1205 1312 legio-

206 1355 274 1394 nem
302 1337 436 1412 primam,
463 1353 551 1411 quam
579 1334 616 1392 ad
645 1330 801 1393 Caesarem
829 1336 952 1405 miserat,
979 1335 1142 1394 confectam
1168 1353 1205 1392 ex

206 1434 320 1492 delectu
341 1435 504 1509 provinciae
529 1432 672 1504 Caesaris,
694 1451 759 1492 eam
779 1444 927 1510 tamquam
948 1452 985 1491 ex
1008 1451 1063 1492 suo
1082 1451 1207 1492 numero

206 1532 290 1590 dedit
335 1530 444 1590 Caesar
471 1543 578 1601 tamen,
602 1550 669 1591 curn
699 1532 735 1590 de
763 1533 909 1590 voluntate
937 1533 1056 1590 minime
1084 1525 1208 1590 dubium¹

206 1641 282 1688 esset
311 1630 538 1688 adversariorum
563 1648 692 1700 suorum,
713 1630 856 1707 Pompeio
878 1631 1024 1706 legionem
1046 1631 1155 1690 remisit
1178 1640 1206 1688 et

164 1753 192 1803 15
207 1745 260 1786 suo
296 1729 415 1786 nomine
448 1729 734 1804 quintamdecimam,
762 1747 851 1804 quarn
882 1730 912 1786 in
946 1729 1041 1788 Gallia
1074 1729 1206 1788 citeriore

207 1827 354 1895 habuerat,
380 1845 416 1885 ex
442 1827 693 1885 senatusconsulto
722 1827 801 1885 iubet
829 1828 910 1886 tradi.
954 1827 989 1886 In
1018 1829 1079 1886 eius
1106 1827 1206 1886 locum

207 1925 463 1984 tertiamdecimam
486 1925 632 2002 legionem
654 1926 683 1982 in
706 1925 820 1983 Italiam
844 1927 937 1997 mittit,
963 1942 1038 2001 quae
1063 1926 1206 2002 praesidia

207 2035 341 2095 tueretur,
370 2044 406 2083 ex
441 2025 546 2101 quibus
574 2025 724 2100 praesidiis
757 2025 972 2101 quintadecima
1001 2025 1205 2084 deducebatur.

165 2249 194 2285 20
208 2224 294 2282 nibus
318 2233 453 2299 quattuor
474 2223 503 2280 in
525 2221 629 2297 Belgio
650 2222 781 2292 collocat,
797 2221 829 2280 C.
853 2221 975 2281 Fabium
996 2239 1064 2282 cum
1085 2223 1206 2280 totidem

206 2323 238 2380 in
265 2321 385 2380 Aeduos
410 2320 535 2378 deducit.
579 2319 626 2378 Sic
647 2321 726 2378 enim
748 2321 928 2379 existimabat
949 2321 1123 2379 tutissimam
1145 2319 1207 2380 lore

209 2420 342 2490 Galliam,
363 2421 387 2478 si
407 2418 524 2494 Belgae,
546 2436 671 2494 quorum
692 2419 820 2477 maxima
840 2420 935 2491 virtus,
958 2419 1062 2491 Aedui,
1082 2437 1206 2496 quorum

208 2519 363 2576 auctoritas
385 2534 499 2574 summa
520 2527 606 2586 esset,
628 2518 802 2576 exercitibus
823 2519 1044 2577 continerentur.
1089 2518 1158 2594 Ipse
1178 2519 1207 2575 in

209 2616 321 2675 Italiam
349 2615 496 2690 profectus
525 2625 577 2673 est.
628 2621 679 2674 55.
704 2615 772 2686 Quo
801 2635 867 2675 curn
895 2616 1028 2688 venisset,
1057 2617 1209 2692 cognoscit

165 2739 195 2792 25
209 2732 261 2792 per
286 2713 319 2773 C.
342 2713 513 2771 Marcellum
535 2712 684 2771 consulem
705 2713 834 2790 legiones
856 2714 927 2773 duas
953 2715 989 2772 ab
1010 2733 1041 2774 se
1062 2716 1206 2785 remissas,

210 2831 285 2889 quae
313 2831 349 2870 ex
378 2811 629 2870 senatusconsulto
664 2812 800 2870 deberent
834 2813 871 2870 ad
905 2811 1070 2872 Parthicum
1100 2815 1208 2873 bellum

211 2912 285 2982 duci,
314 2911 367 2969 Cn.
396 2911 539 2987 Pompeio
564 2910 681 2969 traditas
706 2920 792 2985 atque
816 2911 847 2967 in
872 2909 955 2969 Italia
982 2922 1107 2970 retentas
1134 2930 1207 2971 esse.

212 3009 280 3068 Hoc
305 3008 382 3068 facto
407 3027 584 3086 quamquam
612 3008 681 3066 nulli
705 3019 764 3067 erat
792 3009 920 3080 dubium,
944 3009 1084 3086 quidnam
1108 3020 1209 3069 contra

212 3109 369 3168 Caesarem
397 3119 551 3183 pararetur,
582 3117 680 3164 tamen
712 3105 820 3165 Caesar
854 3109 953 3166 omnia
980 3108 1116 3184 patienda
1145 3127 1210 3167 esse

167 3233 199 3284 30
213 3207 319 3276 statuit,
349 3207 447 3281 quoad
475 3205 529 3263 sibi
558 3223 625 3280 spes
654 3205 750 3280 aliqua
782 3204 989 3281 relinqueretur
1020 3207 1080 3265 iure
1114 3207 1211 3282 potius

213 3304 393 3380 disceptandi
407 3321 494 3379 quam
509 3303 575 3361 belli
590 3303 720 3378 gerundi.
765 3301 963 3362 Contendit..
982 3350 988 3363 .
1006 3350 1012 3363 .
