2686 3910
138 181 275 260 78-81.
366 199 413 246 ns
435 199 546 248 narro
570 198 719 248 crrrroo
742 198 851 248 eoum
877 200 937 250 vrr.
995 159 997 164 ⁵
1071 201 1127 268 177

134 348 249 406 tionum
270 348 423 426 disposito,
443 359 483 420 ut,
505 349 529 407 si
553 367 623 408 usus
648 350 752 420 veniat,
775 368 860 410 suum
882 352 1005 427 quisque
1032 349 1130 409 locum

133 455 231 505 teneat
254 457 284 506 et
308 448 426 518 noverit,
450 447 610 523 equitatum
634 463 670 506 ex
695 448 795 506 castris
820 448 905 507 educi
932 459 960 507 et
987 449 1130 525 proelium

133 546 276 604 committi
287 547 373 604 iubet.
408 545 478 603 Erat
489 564 525 604 ex
536 546 673 604 omnibus
684 546 792 618 castris,
803 564 878 622 quae
890 565 1038 606 summum
1047 546 1130 605 undi-

133 663 191 720 que
210 645 310 720 iugum
331 645 478 716 tenebant,
497 643 660 720 despectus
675 653 761 720 atque
781 663 886 703 omnes
906 645 1011 704 milites
1030 645 1131 704 intenti

133 733 251 818 pugnae
271 752 443 819 proventum
466 743 684 818 exspectabant.
728 742 804 801 Galli
825 744 897 802 inter
918 745 1030 820 equites
1051 761 1159 816 rar0s5

134 841 299 916 sagittarios
326 842 536 918 expeditosque
564 840 633 899 levis
658 851 818 899 armaturae
846 841 1054 914 interiecerant,
1080 843 1130 919 qui

133 939 193 998 suis
218 939 386 998 cedentibus
410 939 516 998 auxilio
538 949 736 997 succurrerent
756 948 785 997 et
809 951 977 998 nostrorum
1001 943 1130 1016 equitum

132 1038 260 1113 impetus
281 1040 462 1098 sustinerent.
504 1037 552 1095 Ab
571 1037 616 1095 his
636 1037 800 1112 complures
820 1038 856 1095 de
875 1038 1033 1114 improviso
1049 1041 1130 1098 vuln-

133 1137 204 1194 erati
235 1138 346 1212 proelio
378 1135 569 1196 excedebant.
629 1131 706 1193 Curri
734 1153 803 1194 suos
836 1154 936 1212 pugna
968 1138 1129 1213 superiores

132 1253 198 1294 esse
223 1234 299 1293 Galli
323 1235 503 1294 confiderent
530 1244 560 1292 et
584 1243 700 1291 nostros
725 1233 908 1293 multitudine
932 1236 1025 1311 premi
1052 1236 1124 1296 vide·
1146 1253 1176 1291 ιο

133 1342 207 1405 rent,
230 1352 265 1393 ex
287 1333 424 1392 omnibus
445 1331 573 1408 partibus
594 1341 623 1390 et
644 1332 671 1403 ii,
693 1332 743 1408 qui
764 1333 974 1392 munitionibus
999 1337 1130 1395 contine·

132 1435 247 1503 bantur,
277 1443 305 1490 et
333 1432 371 1503 hi,
399 1431 449 1508 qui
477 1430 515 1489 ad
542 1431 680 1488 auxilium
712 1441 916 1502 convenerant,
945 1432 1072 1493 clamore
1103 1447 1132 1494 et

132 1531 244 1590 ululatu
271 1549 390 1589 suorum
411 1529 526 1587 animos
547 1529 765 1587 confirmabant.
809 1528 900 1600 Quod
920 1531 950 1588 in
972 1545 1128 1610 conspectu

133 1631 267 1689 omnium
286 1647 332 1688 res
350 1629 503 1705 gerebatur
521 1645 617 1704 neque
636 1636 714 1686 recte
734 1646 769 1686 ac
788 1629 907 1704 turpiter
921 1629 1030 1688 factum
1045 1633 1128 1692 celari

133 1738 255 1806 poterat,
280 1738 417 1804 utrosque
442 1736 470 1784 et
493 1725 586 1784 laudis
615 1726 758 1801 cupiditas
784 1738 813 1785 et
841 1728 926 1784 timor
953 1729 1126 1803 ignominiae
1146 1759 1174 1809 15
1223 1734 1228 1742 ’

133 1828 172 1888 ad
200 1829 333 1886 virtutem
367 1826 518 1885 excitabat.
562 1823 639 1883 Cum
671 1843 688 1882 a
715 1825 835 1883 meridie
868 1842 960 1900 prope
990 1828 1029 1886 ad
1060 1830 1129 1889 solis

133 1943 274 1985 occasum
296 1925 383 1984 dubia
403 1925 523 1983 victoria
543 1933 728 2000 pugnaretur,
751 1923 891 1983 Germani
911 1944 970 1984 una
993 1927 1024 1984 in
1049 1939 1129 2004 parte

134 2025 272 2084 confertis
295 2024 396 2082 turmis
421 2023 451 2080 iu
479 2023 579 2080 hostes
601 2022 744 2098 impetum
772 2021 901 2081 lecerunt
924 2042 1033 2101 eosque
1062 2045 1128 2102 pro-

133 2124 288 2200 pulerunt;
317 2123 422 2199 quibus
443 2121 473 2178 in
498 2121 598 2196 sugam
620 2121 758 2179 coniectis
780 2121 917 2196 sagittarii
942 2123 1129 2184 circumventi

134 2223 332 2297 interfectique
348 2230 423 2279 sunt.
474 2219 550 2278 Item
565 2237 602 2276 ex
615 2218 731 2294 reliquis
745 2221 874 2295 partibus
887 2221 978 2279 nostri
993 2223 1129 2284 cedentes
1144 2257 1175 2294 20
1199 2265 1206 2282 .

134 2339 227 2399 usque
252 2321 291 2379 ad
311 2329 404 2378 castra
424 2319 546 2377 insecuti
568 2319 612 2376 sui
634 2318 789 2394 colligendi
811 2316 977 2378 facultatem
998 2339 1058 2380 non
1079 2323 1129 2382 de·

134 2419 246 2478 demnt.
288 2418 328 2476 At
352 2418 379 2488 ii,
405 2417 454 2493 qui
479 2417 516 2474 ab
543 2416 643 2475 Alesia
671 2428 881 2492 processerant,
907 2421 1008 2479 maesti
1036 2440 1129 2498 prope

133 2520 253 2578 victoria
274 2519 424 2593 desperata
446 2534 476 2575 se
496 2515 525 2572 in
544 2515 686 2591 oppidum
704 2528 883 2592 receperunt.
926 2524 972 2578 81.
995 2519 1063 2580 Uno
1083 2522 1130 2581 die

134 2617 301 2676 intermisso
316 2615 391 2693 Gelli
410 2626 497 2691 atque
516 2614 574 2673 hoc
596 2615 689 2690 spatio
709 2633 817 2692 magno
834 2618 963 2691 cratium,
978 2620 1129 2692 scalarum,

133 2717 339 2792 harpagonum
358 2731 481 2772 numero
500 2711 604 2792 effecto
624 2714 720 2772 media
741 2725 826 2774 nocte
846 2716 960 2775 silentio
978 2737 1015 2777 ex
1029 2724 1129 2781 castris
1146 2746 1175 2796 ²5

133 2814 245 2892 egressi
259 2814 298 2872 ad
311 2823 486 2890 campestres
504 2812 681 2872 munitiones
694 2814 844 2873 accedunt.
887 2815 989 2876 Subito
1003 2819 1130 2880 clamore

134 2915 258 2984 sublate,
281 2929 338 2989 qua
358 2911 568 2988 significatione
595 2912 645 2988 qui
673 2912 704 2969 in
731 2913 841 2988 oppido
866 2916 1073 2978 obsidebantur
1094 2919 1131 2978 de

133 3032 188 3073 suo
218 3011 343 3072 adventu
371 3027 551 3086 cognoscere
578 3020 707 3086 possent,
736 3020 828 3070 crates
856 3014 994 3088 proicere,
1023 3016 1129 3086 fundis,

133 3113 254 3190 sagittis,
281 3110 425 3187 lapidibus
452 3119 569 3168 nostros
597 3109 632 3167 de
660 3109 736 3186 vallo
758 3113 927 3186 proturbare
954 3114 1129 3190 reliquaque,

133 3231 209 3290 quae
245 3211 284 3272 ad
317 3209 568 3286 oppugnationem
603 3209 756 3283 pertinent,
785 3220 888 3284 parant
923 3211 1127 3271 administrare.
1145 3235 1175 3286 30

133 3313 249 3370 Eodem
278 3321 409 3387 tempore
438 3309 565 3366 clamore
594 3308 730 3367 exaudito
759 3310 808 3367 dat
827 3293 904 3369 'tuba
931 3311 1046 3386 signum
1072 3314 1130 3372 suis

134 3411 355 3486 Vercingetorix
370 3417 456 3484 atque
475 3425 511 3464 ex
529 3393 640 3483 oppido
660 3408 765 3466 educit.
807 3406 916 3479 Nostri,
931 3419 962 3467 ut
979 3411 1131 3486 superiori·

135 3510 188 3570 bus
212 3509 326 3580 diebus
346 3517 377 3574 ut
400 3507 504 3583 cuique
529 3516 590 3565 erat
610 3506 693 3564 locus
718 3507 877 3576 attributus,
897 3507 936 3567 ad
956 3509 1131 3570 munitiones

624 3621 647 3664 rr
