2630 3916
81 187 267 277 ·15..,9‚
376 206 424 256 nn
444 207 556 257 narro
578 207 727 258 crmrco
750 209 862 260 comm
885 213 941 262 ιη.
1082 211 1162 284 59'

1123 321 1137 382 Ι

126 353 254 428 Gallum,
276 376 313 416 en
338 357 381 431 iis,
406 377 482 435 quos
506 360 605 418 auxilii
627 378 716 419 causa
743 375 843 422 secum
860 347 1004 422 habebat.
1046 361 1126 420 Huic

125 425 392 530 magma-pmd'miis
412 423 726 536 pollicitatibnibusque
738 460 901 536 persuadet,
915 461 957 518 uti
975 461 1013 519 ad
1026 458 1126 518 hostes

125 563 263 625 transeat,
278 564 314 625 et,
329 556 400 631 quid
418 556 479 615 fieri
497 521 574 630 velid,
587 558 701 617 edocet.
742 558 802 630 Qui
820 560 871 618 ubi
885 578 938 635 pro
953 559 1074 636 perfuga
1088 557 1126 618 ad

127 669 180 710 eos
201 653 287 724 venit,
306 653 441 712 timorem
462 654 600 714 Romano
636 675 667 713 m
687 658 833 733 proponit,
853 659 958 734 quibus
986 657 1126 734 angustiis

125 750 191 826 ipse
206 749 315 810 Caesar
328 769 347 810 a
364 752 486 812 Venetis
499 773 599 830 prema
631 774 653 826 r,
668 755 762 826 docet,
776 775 872 832 neque
885 757 1001 833 longius
1016 757 1127 828 abesse,
1141 765 1155 814 5

127 849 199 924 quin
212 851 347 926 proxima
360 862 445 911 noete
461 852 584 911 Sabinus
599 853 675 912 clam
689 873 725 912 ex
740 855 840 913 castris
854 855 1011 966 exqpcitum
1024 820 1158 914 educat*

127 957 157 1007 et
182 948 220 1022 ad
245 947 402 1008 Caesarem
426 951 523 1010 auxilii
544 951 655 1011 ferendi
676 971 765 1012 causa
787 954 994 1030 proficiscatur.
1036 952 1127 1025 Quod

129 1047 178 1106 ubi
194 1065 230 1105 au
254 1049 259 1060 '
293 1059 391 1120 mest,
407 1049 591 1109 conclamant
610 1068 714 1110 omnes
729 1053 916 1111 occasionem
929 1011 1044 1127 negotii
1051 1053 1127 1110 bene

126 1147 239 1223 g'erend
269 1148 458 1208 amittendam
477 1167 538 1209 non
553 1168 632 1208 esse:
655 1149 693 1210 ad
710 1161 804 1209 castra
818 1151 851 1210 iri
864 1161 1007 1228 oportere.
1050 1149 1127 1208 Mul-

126 1257 174 1305 tae
198 1265 245 1304 res
275 1246 313 1305 ad
337 1246 393 1305 boc
417 1247 571 1306 consilium
593 1246 694 1306 Gallos
714 1248 917 1308 hortabantur:
946 1249 1127 1326 superiorum
1143 1273 1173 1308 ro

127 1346 242 1404 dierum
279 1345 357 1403 abini
370 1347 524 1416 cunctatio,
539 1347 678 1423 perfugae
692 1347 883 1419 confirmatio,
894 1349 994 1424 inopia
1007 1349 1129 1406 cibario

127 1462 202 1514 rum,
229 1445 275 1502 cui
299 1444 340 1502 rei
364 1462 467 1520 parum
492 1445 643 1520 diligenter
669 1446 707 1503 ab
734 1445 770 1503 iis
790 1456 851 1504 erat
878 1447 1035 1522 provisum,
1060 1463 1128 1522 spes

126 1543 262 1602 Venetici
282 1542 349 1602 belli
370 1553 398 1600 et
415 1543 496 1620 quod
512 1543 572 1602 fere
589 1544 711 1602 libenter
723 1544 857 1603 homines
871 1545 909 1616 id,
925 1546 1006 1622 quod
1019 1546 1127 1616 volunt,

127 1643 259 1702 credunt.
290 1642 347 1701 His
357 1644 444 1724 pebus
456 1643 573 1701 adducti
583 1661 644 1701 non
652 1643 732 1718 prius
741 1642 936 1702 Viridovicem
944 1644 1128 1721 reliquosque

127 1742 218 1802 duces
233 1761 269 1800 ex
284 1743 407 1800 consilio
415 1740 576 1812 dimittunt,
587 1758 677 1817 quam
691 1743 728 1799 ab
742 1741 788 1799 his
802 1742 837 1799 sit
851 1759 1033 1813 concessum,
1048 1741 1172 1816 armaff5

126 1843 169 1902 uti
185 1841 301 1917 capiant
312 1850 341 1899 et
355 1841 395 1899 ad
407 1849 502 1899 castra
513 1839 698 1898 contendant.
742 1839 810 1911 Qua
820 1859 851 1898 re
862 1859 1001 1899 concessa
1011 1841 1085 1911 laeti,
1097 1851 1129 1900 ut

126 1940 279 2018 explorata
292 1911 424 2010 victoriaZ
434 1939 585 1997 sarmentis
599 1939 785 2015 virgultisque
799 1939 935 2010 collectiS,
950 1941 1054 2015 quibus
1069 1939 1127 1998 fos·
1173 2003 1183 2021 Α
1267 1939 1273 1964 ”

128 2057 176 2099 sas
196 2038 402 2096 Romanorum
421 2036 596 2112 compleant,
614 2038 652 2096 ad
672 2047 765 2096 castra
781 2047 913 2114 pergunt.
956 2044 1006 2097 19.
1029 2037 1128 2096 Locus
1148 2028 1186 2064 Ψ

126 2147 189 2197 erat
198 2145 361 2195 castrorum
372 2135 467 2194 editus
476 2143 505 2192 et
515 2135 653 2212 paulatim
662 2136 700 2193 ab
711 2135 771 2193 imo
780 2135 893 2194 acclivis
903 2136 1014 2194 circiter
1023 2152 1128 2212 passus

127 2236 215 2294 mille.
258 2235 327 2294 Huc
347 2251 465 2308 magno,
477 2253 562 2293 cursu
580 2234 801 2306 contenderunt,
821 2244 853 2293 ut
871 2253 961 2312 quam
975 2235 1128 2295 minimum
1144 2258 1174 2292 πο

128 2299 225 2412 spatii!
243 2335 282 2393 ad
315 2352 346 2393 se
374 2333 554 2412 colligendos
582 2333 798 2410 armandosque
828 2333 972 2392 Romanis
1005 2333 1128 2405 daretur,

127 2434 344 2510 exanimatique
364 2440 565 2509 pervenerunt.
608 2431 732 2490 Sabinus
752 2450 821 2491 suos
839 2432 969 2491 hortatus
989 2433 1130 2509 cupienti·

127 2535 183 2592 bus
219 2533 337 2608 signum
372 2532 445 2613 dan,
472 2531 624 2606 Impeditis
658 2531 792 2589 hostibus
825 2541 944 2608 propter
978 2550 1022 2603 ea,
1054 2549 1130 2608 quae

126 2633 270 2704 ferebant,
290 2649 379 2690 onera
399 2629 494 2688 subito
514 2629 628 2688 duabus
645 2631 735 2706 portis
756 2633 938 2706 eruptionem
960 2631 1021 2690 fieri
1042 2632 1130 2691 iubet.

21 2729 24 2736 '
126 2732 253 2790 Factum
271 2739 315 2788 est
332 2729 550 2805 opportunitate
568 2727 633 2798 loci,
653 2727 781 2787 hostium
802 2729 952 2788 inscientia
972 2747 1007 2787 ac
1029 2729 1128 2788 defeti-
1144 2754 1174 2804 25

125 2831 257 2907 gatione,
266 2830 368 2887 virtute
377 2828 500 2885 militurn
511 2836 539 2884 et
551 2827 732 2903 superiorum
740 2845 905 2902 pugnarum
914 2828 1129 2901 exercitatione,

126 2939 158 2987 ut
181 2947 220 2986 ne
244 2946 336 2986 unum
356 2927 475 3003 quidem
497 2935 664 2984 nostrorum
687 2927 828 3003 impetum
848 2924 955 2984 ferrent
976 2943 1011 2985 ac
1033 2928 1128 2986 statim

126 3037 223 3104 terga·
238 3035 388 3084 verterent.
445 3023 530 3096 Quos
559 3024 715 3101 impeditos
743 3025 862 3100 integris
890 3025 996 3084 viribus
1023 3025 1128 3083 milites

126 3121 220 3180 nostri
240 3120 390 3179 consecuti
408 3137 549 3195 magnum
568 3137 722 3178 numerum
741 3137 843 3178 eorum
858 3119 1041 3190 occiderunt;
1063 3119 1127 3176 reli-

127 3226 205 3296 quos'
239 3221 351 3296 equites
384 3218 543 3277 consectati
574 3236 694 3294 paucos,
724 3219 774 3293 qui
804 3237 841 3276 ex
868 3217 939 3294 fuga
969 3227 1127 3288 evaserant,
1142 3245 1173 3294 30

127 3319 314 3395 reliquerunt.
359 3315 406 3374 Sic
428 3335 488 3375 uno
509 3326 640 3393 tempore
661 3326 689 3374 et
711 3316 748 3375 de
768 3316 862 3374 navali
882 3334 983 3393 pugna
1003 3315 1128 3374 Sabinus

127 3427 156 3476 et
178 3418 216 3476 de
238 3416 338 3476 Sabini
360 3415 479 3474 victoria
501 3414 609 3474 Caesar
630 3411 733 3472 certior
753 3415 847 3474 factus
869 3424 921 3484 est,
941 3413 1128 3490 civitatesque

127 3534 233 3581 omnes
261 3535 293 3578 se
317 3515 419 3576 'statim
447 3514 561 3574 Titurio
589 3513 768 3576 dediderunt.
823 3512 960 3571 Nam-ut
988 3515 1027 3573 ad
1053 3515 1129 3573 bella
