2650 3918
120 205 256 272 197-20.
344 205 390 252 DE
411 205 522 254 Burro
547 205 699 254 GALLICO
721 205 832 258 coMM.
859 204 920 255 1⁷11.
1059 204 1119 272 145

116 353 177 412 sine
192 351 313 414 consilio
334 357 465 416 accidere
486 359 633 434 potuisse;
658 377 780 434 regnum
800 358 879 416 illum
901 356 1013 417 Galliae
1033 356 1118 416 malle

116 451 249 512 Caesaris
260 473 404 514 concessu
419 475 507 534 quam
521 457 651 533 ipsorum
665 457 772 516 habere
783 455 1016 516 beneficio—tali
1027 456 1118 514 modo

116 564 269 612 accusatus
291 554 328 612 ad
349 553 422 614 haec
443 557 609 631 respondit:
636 555 726 627 Quod
742 565 836 614 castra
849 555 994 624 movisset,
1009 553 1117 622 factum

115 649 214 726 inopia
228 653 326 726 pabuli
340 654 427 711 etiam
441 654 510 730 ipsis
524 654 722 712 hortantibus:
742 654 821 730 quod
832 653 952 730 propius
963 653 1117 712 Romanos

116 751 293 822 accessisset,
322 770 493 828 persuasum
527 753 584 811 loci
620 753 844 830 opportunitate,
874 753 923 830 qui
959 771 989 812 se
1020 752 1143 828 ipsum5

115 849 275 910 munitione
304 851 493 910 defenderet:
515 852 645 928 equitum
665 870 732 910 vero
752 870 873 927 operam
892 869 987 928 neque
1002 851 1032 907 in
1049 851 1115 910 loco

115 946 234 1022 palustri
260 949 415 1008 desiderari
440 949 575 1010 debuisse
598 961 628 1009 et
652 950 707 1009 illic
732 950 821 1008 fuisse
843 951 952 1020 utilem,
977 967 1035 1026 quo
1059 949 1115 1008 sint

115 1042 245 1119 profecti.
289 1044 441 1104 Summam
466 1047 579 1123 imperii
603 1066 634 1106 se
660 1047 793 1106 consulto
818 1047 888 1104 nulli
916 1045 1115 1105 discedentem

116 1142 275 1214 tradidisse,
288 1162 325 1201 ne
340 1145 364 1202 is
378 1145 567 1204 multitudinis
583 1146 678 1205 studio
693 1146 730 1203 ad
745 1144 943 1205 dimicandum
956 1143 1115 1220 impellere-

114 1250 166 1310 tur,
189 1241 236 1299 cui
249 1242 291 1299 rei
311 1253 430 1318 propter
451 1245 540 1302 animi
560 1245 711 1302 mollitiem
733 1245 847 1304 studere
867 1261 973 1304 omnes
998 1241 1113 1312 videret,
1131 1257 1159 1292 ιο

114 1337 194 1414 quod
216 1339 322 1398 diutius
345 1341 475 1400 laborem
497 1342 570 1402 ferre
594 1362 657 1402 non
677 1353 805 1420 possent.
849 1341 977 1403 Romani
997 1341 1021 1404 si
1043 1358 1114 1400 casu

112 1437 324 1510 intervenerint,
340 1438 481 1516 fortunae,
495 1441 520 1498 si
537 1441 657 1500 alieuius
677 1441 784 1500 indicio
801 1441 903 1511 vocati,
919 1439 986 1500 huic
1002 1439 1113 1497 haben·

114 1535 183 1594 dam
204 1538 334 1612 gratiam,
350 1539 430 1615 quod
451 1549 480 1597 et
501 1541 676 1616 paucitatem
697 1558 799 1599 eorum
819 1559 856 1599 ex
877 1539 943 1598 loco
966 1537 1112 1614 superiore

113 1651 292 1709 cognoscere
319 1647 349 1694 et
370 1637 503 1696 virtutem
532 1639 680 1714 despicere
710 1639 865 1715 potuerint,
894 1637 943 1714 qui
975 1637 1112 1696 dimicare

113 1750 173 1791 non
195 1734 256 1792 ausi
278 1735 396 1811 turpiter
417 1754 447 1794 se
468 1737 499 1794 in
518 1748 612 1795 castra
632 1737 801 1813 receperint
844 1735 1003 1812 Imperium
1023 1753 1055 1794 se
1074 1737 1111 1796 ab
1125 1755 1156 1806 ‚15

113 1827 238 1889 Caesare
262 1851 314 1908 per
337 1833 534 1909 proditionem
561 1835 672 1894 nullum
698 1835 870 1906 desiderare,
896 1834 975 1911 quod
1004 1832 1112 1891 habere

111 1928 230 1988 victoria
254 1941 362 2006 posset,
377 1950 462 2009 ‚quae
489 1934 548 1991 iam
573 1944 650 1992 esset
674 1935 728 1992 sibi
752 1945 838 2010 atque
859 1933 996 1992 omnibus
1020 1931 1111 1994 Gallis

111 2027 275 2103 explorata:
298 2030 368 2106 quin
387 2031 473 2088 etiam
493 2031 563 2107 ipsis
583 2033 737 2110 remittere,
752 2032 776 2089 si
792 2032 845 2089 sibi
860 2030 953 2106 magis
967 2029 1118 2097 honorem

110 2127 242 2198 tribuere,
257 2145 346 2203 quam
365 2131 402 2187 ab
420 2148 451 2188 se
471 2130 593 2188 salutem
614 2131 744 2206 accipere
762 2130 920 2190 videantur.
963 2127 1065 2186 ‘Haec
1078 2137 1111 2186 ut

109 2225 298 2302 intellegatis,'
323 2226 425 2302 inquit,
451 2232 484 2286 ‘a
508 2247 556 2286 me
581 2228 691 2288 sincere
716 2227 903 2304 pronuntiari,
927 2227 1023 2286 audite
1047 2225 1109 2285 Ro·
1122 2253 1189 2296 rom

109 2341 213 2382 manos
228 2325 350 2384 milites!
391 2325 529 2386 Producit
549 2346 655 2398 servos
670 2345 745 2403 quos
763 2327 795 2386 in
808 2325 993 2402 pabulatione
1008 2325 1109 2401 paucis

108 2433 175 2480 ante
204 2422 305 2482 diebus
333 2436 487 2501 exceperat
516 2435 545 2483 et
574 2424 651 2484 fame
673 2424 857 2500 ,vinculisque
887 2423 1107 2484 excruciaverat.

108 2519 150 2578 Hi
170 2523 230 2580 iam
251 2531 318 2580 ante
339 2523 443 2594 edocti,
465 2541 540 2599 quae
562 2523 730 2598 interrogati
752 2523 981 2598 pronuntiarent,
1003 2521 1108 2582 milites

107 2638 138 2680 se
164 2639 230 2679 esse
254 2621 430 2700 legionarios
454 2623 571 2695 dicunt;
597 2622 674 2682 fame
698 2631 726 2680 et
750 2621 849 2698 inopia
863 2622 1005 2680 adductos
1030 2621 1106 2682 clam

106 2737 142 2778 ex
160 2719 268 2778 castris
293 2721 397 2792 exisse,
412 2721 436 2780 si
459 2722 530 2796 quid
555 2721 691 2780 frumenti
712 2725 761 2779 aut
781 2719 894 2797 pecoris
915 2721 946 2777 in
967 2721 1042 2796 agris
1063 2739 1107 2778 re·
1122 2743 1151 2794 ²5

104 2817 198 2894 perire
219 2829 358 2893 possent:
380 2819 463 2877 simili
485 2837 604 2878 omnem
625 2820 781 2878 exercitum
804 2819 904 2894 inopia
929 2818 1030 2894 premi,
1051 2837 1106 2878 nec

103 2917 163 2975 iarn
177 2916 252 2974 vires
264 2916 393 2976 sufficere
402 2919 580 2993 ,cuiusquam
594 2937 649 2977 nec
664 2918 737 2976 serre
749 2917 845 2994 operis
859 2917 990 2975 laborem
1005 2935 1105 2993 posses

103 3016 201 3093 itaque
217 3016 350 3074 statuisse
364 3017 583 3092 imperatorem,
594 3017 618 3075 si
635 3015 705 3074 nihil
719 3016 749 3082 in
769 3016 986 3092 oppugnatione
1004 3015 1105 3092 oppidi

102 3113 305 3190 profecissent,
335 3115 429 3173 triduo
458 3116 615 3174 exereitum
648 3114 800 3174 deducere.
854 3112 974 3185 ‘Haec’
1003 3114 1103 3189 inquit,

103 3219 138 3272 ‘a
162 3213 227 3286 me,'
242 3213 473 3288 Vercingetorix,
495 3214 653 3272 ‘beneficia
673 3213 794 3285 habetis,
818 3233 906 3291 quem
931 3211 1102 3289 proditionis
1117 3239 1148 3286 30

101 3312 289 3383 insimulatis;
318 3313 400 3371 cuius
429 3330 518 3389 opera
546 3313 607 3371 sine
628 3321 723 3372 vestro
753 3313 894 3388 sanguine
916 3320 1027 3369 tantum
1053 3326 1102 3366 ex·
1137 3290 1141 3304 ’

101 3413 223 3471 ercitum
244 3412 383 3471 victorem
405 3411 481 3471 fame
503 3421 710 3488 consumptum
730 3412 848 3484 videtis;
874 3429 962 3487 quem
984 3407 1102 3484 turpiter

101 3529 133 3570 se
154 3529 191 3571 ex
213 3510 282 3586 fuga
299 3510 486 3587 recipientem
507 3529 545 3569 ne
567 3529 625 3588 qua
645 3510 745 3570 civitas
767 3511 825 3577 suis
847 3509 952 3568 finibus
972 3505 1101 3596 recipiat,

590 3625 609 3666 u
