2630 3916
395 696 432 762 C.
455 696 579 763 IULII
604 699 843 766 CAESARIS

215 915 311 998 DE
383 919 626 1005 BELLO
696 923 1023 1048 GALLICO

376 1166 662 1222 COMMENTARIUS
690 1171 862 1235 QUARTUS.

428 1371 498 1436 ΒΩ.
521 1387 569 1449 55.
610 1374 721 1436 A.U.C.
743 1377 811 1455 699.

118 1559 236 1609 Invasion
264 1557 292 1608 of
317 1556 360 1609 the
386 1557 501 1623 Usipetes
524 1557 575 1608 and
601 1558 740 1611 Tenchteri.
774 1562 881 1627 Passage
905 1564 936 1613 of
958 1563 1001 1615 the
1028 1565 1116 1616 Rhine.

446 1640 513 1690 First
531 1640 631 1692 Failure
647 1642 674 1692 in
692 1642 793 1694 Britain.

160 1803 187 1856 1.
208 1796 266 1869 Er,
294 1812 370 1871 quae
401 1802 501 1854 secuta
531 1803 583 1866 est,
611 1792 715 1866 hieme,
743 1796 793 1872 qui
820 1795 873 1856 fuit
903 1816 997 1858 annus
1028 1799 1117 1861 Gneo

119 1895 273 1973 Pompeio,
298 1893 401 1952 Marco
427 1891 536 1951 Crasso
560 1892 735 1964 consulibus,
759 1892 896 1972 Usipetes
921 1895 1063 1956 Germani
1087 1908 1117 1958 et
1201 1905 1204 1908 '

117 1995 189 2054 item
220 1993 358 2054 Tencteri
384 2009 494 2067 magna
520 2008 589 2049 cum
607 1989 796 2052 ,multitudine
826 1991 979 2052 hominurn
1005 1994 1117 2081 flumen

119 2093 260 2152 Rhenum
278 2085 458 2160 transierunt,
476 2105 538 2148 non
556 2088 645 2164 longe
662 2107 680 2146 a
698 2090 779 2161 mari,
797 2108 856 2166 quo
876 2089 998 2151 Rhenus
1014 2093 1115 2153 influit.

119 2190 219 2250 Causa
245 2190 413 2249 transeundi
436 2187 497 2258 suit,
523 2186 604 2263 quod
631 2186 668 2244 ab
697 2185 801 2246 Suebis
827 2189 992 2268 complures
1020 2207 1143 2258 annoss

118 2267 256 2368 &agitati
269 2290 346 2348 bello
360 2289 565 2366 premebantur
579 2295 608 2344 et
620 2286 794 2362 agricultura
806 2288 1042 2365 prohibebantur.

161 2389 326 2449 Sueborum
361 2405 435 2464 gens
470 2395 514 2445 est
548 2385 636 2462 longe
654 2385 798 2458 maxima
832 2396 861 2446 et
894 2389 1115 2451 bellicosissima
1220 2415 1223 2422 ⁴

119 2488 336 2550 Germanorum
350 2486 489 2545 omnium.
532 2473 574 2542 Hi
595 2493 712 2542 centum
732 2502 826 2561 pagos
846 2484 952 2545 habere
972 2489 1115 2562 dicuntur,

118 2607 156 2650 ex
174 2566 281 2665 quibus¹
298 2584 454 2664 quotannis
469 2562 680 2660 lir‘r'giilahlilia
696 2593 872 2642 armatorum
888 2586 1013 2645 bellandi
1027 2607 1116 2650 causa

118 2705 155 2747 ex
169 2686 277 2744 finibus
291 2684 426 2742 educunt.
468 2681 594 2767 Reliqui,
614 2681 664 2759 qui
682 2679 762 2741 dorni
782 2693 958 2756 manserunt,
978 2703 1010 2745 se
1029 2697 1116 2764 atque
1131 2714 1161 2750 ro

117 2785 183 2844 illos
204 2783 291 2842 alunt.
335 2779 377 2839 Hi
394 2762 491 2839 rur'sus¹
507 2769 538 2838 in
554 2765 646 2839 aloem
663 2799 742 2839 anno
759 2790 827 2857 post
841 2782 870 2839 in
884 2784 971 2842 armis
985 2794 1061 2856 sunt,
1075 2787 1116 2846 illi

118 2882 200 2942 domi
221 2889 380 2938 remanent
424 2877 472 2936 Sic
489 2896 584 2955 neque
602 2878 774 2954 agricultura
788 2897 843 2939 nec
857 2881 930 2938 ratio
943 2891 1030 2959 atque
1044 2903 1115 2946 usus

116 2981 185 3040 belli
212 2978 415 3038 intermittitur.
457 2977 516 3037 Sed
540 2977 642 3053 privati
663 2995 700 3035 ac
725 2978 848 3053 separati
872 2980 934 3056 agri
959 2983 1038 3059 apud
1061 3002 1115 3042 eos

116 3077 188 3136 nihil
203 3087 256 3149 est,
270 3095 366 3154 neque
383 3076 498 3152 longius
513 3093 595 3138 anno
605 3093 755 3134 remanere
770 3095 830 3135 uno
843 3077 875 3135 in
887 3078 954 3137 loco
967 3079 1114 3164 incolendi

117 3195 207 3237 causa
219 3176 296 3235 licet.
339 3175 443 3252 Neque
457 3174 580 3233 multum
593 3174 747 3245 frumento,
763 3175 815 3234 sed
828 3176 986 3234 maximam
1000 3161 1113 3254 partem
1128 3183 1157 3252 1'5

116 3276 191 3335 lacte
209 3286 297 3353 atque
315 3292 423 3352 pecore
443 3274 541 3332 vivunt
559 3273 740 3349 multumque
761 3282 827 3332 sunt
846 3275 877 3332 in
895 3258 1113 3352 ve'hationibus3

116 3393 192 3452 quae
209 3392 256 3434 res
276 3382 305 3431 et
318 3373 376 3431 cibi
392 3389 499 3448 genere
516 3381 545 3430 et
558 3373 702 3472 oppilipna
715 3373 918 3477 eqqrqitapone
938 3383 966 3432 et
982 3373 1114 3436 libertate
1223 3359 1231 3378 ’

116 3453 199 3546 vitae,
214 3467 290 3544 cumr
302 3490 320 3529 a
333 3455 436 3548 pueris
442 3471 524 3532 nullo
540 3445 637 3531 flfficio
652 3479 701 3530 aut
714 3468 864 3549 disciplina
877 3469 1028 3531 assuefacti
1042 3472 1112 3535 nihil

437 3578 446 3586 “
604 3586 623 3628 r

1176 3160 1289 3188 -κ
