2650 3918
202 183 243 248 82
419 199 466 247 na
486 198 597 248 usuro
620 197 772 248 oarrroo
794 195 905 248 oouu.
930 197 981 245 ιν.

200 347 337 409 idoneam
360 358 563 428 tempestatem
584 360 707 410 nanctus
728 348 815 428 paulo
839 358 908 428 post
928 347 1055 406 mediam
1080 356 1201 405 noctem
1226 349 1228 359 ’
1304 347 1306 356 ‘

189 466 289 508 naves
313 449 397 508 solvit
404 468 413 522 ;
442 467 517 526 quae
542 467 645 508 omnes
669 446 830 507 incolumes
854 447 891 506 ad
912 447 1111 506 continentem
1133 464 1200 522 per-

201 531 356 620 venerunt;
385 547 437 606 sed
457 566 495 606 ex
515 548 549 607 iis
570 548 718 606 onerariae
740 547 814 605 duae
836 544 965 618 eosdem,
987 564 1063 623 quos
1084 545 1197 622 reliqui,

201 655 303 722 portus
316 663 420 722 capere
434 664 495 704 non
510 655 667 724 potuerunt
681 655 710 704 et
722 644 810 723 paulo
825 645 898 704 inira
912 645 1024 704 delatae
1039 654 1116 704 sunt.

173 761 188 810 5
243 750 292 806 37.
313 743 429 816 Quibus
464 763 501 802 ex
535 745 656 803 navibus
692 763 759 804 cum
793 731 891 804 essent
928 744 1054 820 expositi
1092 742 1200 802 milites

203 843 315 902 circiter
335 843 456 912 trecenti
476 852 563 918 atque
583 843 614 901 in
635 851 728 902 castra
749 843 964 913 contenderent,
984 841 1101 913 Morini,
1123 859 1200 918 quos

202 940 312 1001 Caesar
339 942 369 999 in
392 941 573 1000 Britanniam
597 942 784 1019 proficiscens
812 939 937 1018 pacatos,
961 941 1121 1017 reliquerat,
1147 958 1201 1016 spe

202 1039 329 1116 praedae
357 1039 474 1099 adducti
506 1041 601 1117 primo
628 1058 690 1099 non
719 1041 760 1098 ita
786 1058 896 1116 magno
928 1057 1048 1098 suorum
1075 1055 1200 1097 numero
1301 1091 1304 1094 .

203 1137 453 1195 circumsteterunt
476 1154 521 1208 ac,
546 1138 570 1195 si
598 1155 663 1196 sese
691 1137 812 1197 interfici
840 1137 959 1208 nollent,
984 1155 1065 1196 arma
1088 1153 1201 1212 ponere

160 1257 190 1292 ιο
203 1234 354 1293 iusserunt.
397 1232 473 1292 Cum
501 1234 540 1292 illi
563 1236 634 1294 orbe
658 1235 736 1295 facto
761 1252 825 1295 sese
849 1235 1046 1307 defenderent,
1071 1234 1202 1293 celeriter
1275 1300 1279 1306 ,

204 1331 241 1390 ad
276 1331 434 1390 clamorem
463 1331 618 1392 hominum·
651 1334 762 1402 circiter
792 1333 872 1392 milia
906 1352 958 1393 sex
992 1343 1200 1392 convenerunt.

205 1429 273 1501 Qua
296 1448 327 1488 re
348 1431 479 1490 nuntiata
500 1429 608 1490 Caesar
632 1450 752 1491 omnem
773 1451 810 1491 ex
835 1433 935 1492 castris
955 1433 1115 1508 equitatum
1139 1431 1201 1490 suis

204 1527 312 1586 auxilio
348 1527 434 1586 misit.
477 1528 596 1588 Interim
631 1531 722 1588 nostri
756 1531 861 1590 milites
895 1531 1038 1606 impetum
1071 1529 1201 1588 hostium

205 1626 403 1686 sustinuerunt
427 1637 514 1703 atque
538 1628 661 1704 amplius
686 1628 764 1687 horis
790 1637 924 1706 quattuor
948 1628 1103 1688 fortissime
1124 1644 1202 1704 pug-

162 1745 189 1795 15
204 1733 345 1798 naverunt
383 1732 411 1782 et
452 1726 552 1801 paucis
593 1726 757 1786 vulneribus
795 1727 922 1803 acceptis
961 1725 1124 1803 complures
1163 1743 1202 1784 ex

204 1821 248 1884 his
283 1822 459 1884 occiderunt.
502 1823 608 1884 Postea
638 1819 708 1892 vero
741 1844 829 1903 quam
863 1825 1005 1902 equitatus
1040 1827 1149 1884 noster*
1169 1825 1202 1885 in

204 1931 395 1998 conspectum
426 1923 511 1994 venit,
543 1923 642 1982 hostes
674 1924 793 1982 abiectis
824 1925 912 1983 armis
943 1933 1024 2000 terga
1054 1933 1202 1982 verterunt

204 2038 387 2096 magnusque
397 2038 497 2080 eorum
512 2037 650 2081 numerus
664 2030 708 2080 est
722 2023 845 2082 occisus
888 2028 939 2082 38.
963 2020 1071 2080 Caesar
1081 2029 1202 2097 postero

205 2119 252 2177 die
284 2119 320 2177 T.
343 2119 506 2178 Labienum
536 2120 666 2196 legatum
697 2137 763 2178 eum
794 2121 829 2179 iis
860 2121 1031 2196 legionibus
1063 2136 1137 2195 quas
1165 2139 1202 2178 ex

162 2235 193 2272 ao
205 2217 355 2276 Britannia
379 2218 541 2289 reduxerat,
562 2219 592 2276 in
617 2217 758 2290 Morinos
780 2219 830 2295 qui
853 2218 1041 2278 rebellionem
1063 2217 1202 2290 fecerant,

205 2316 291 2373 misit.
335 2315 394 2386 Qui
422 2334 490 2375 cum
518 2327 636 2392 propter
664 2317 805 2376 siccitates
832 2315 979 2393 paludum,
1008 2334 1067 2392 quo
1097 2335 1128 2375 se
1157 2336 1203 2376 re·

207 2413 343 2490 ciperent,
362 2431 422 2471 non
439 2413 586 2483 haberent,
602 2432 661 2490 quo
678 2415 825 2491 superiore
843 2432 921 2474 anno
939 2414 1071 2492 perfugio
1088 2414 1204 2474 fuerant

205 2512 260 2583 usi,
288 2529 394 2572 omnes
422 2511 482 2570 fere
501 2513 540 2569 vin
568 2521 742 2588 potestatem
769 2511 892 2572 Labieni
919 2497 1119 2590 pervenerunt.
1162 2514 1204 2574 At

207 2609 245 2680 Q.
268 2609 396 2668 Titurius
420 2619 449 2668 et
476 2607 510 2668 L.
532 2608 619 2668 Cotta
646 2610 740 2686 legati,
766 2612 815 2686 qui
840 2613 870 2670 in
897 2610 1104 2688 Menapiorum
1128 2612 1204 2672 fines

163 2729 195 2778 25
206 2708 338 2785 legiones
360 2708 509 2779 duxerant,
529 2709 665 2768 omnibus
687 2727 788 2768 eorum
809 2709 885 2786 agris
905 2711 1030 2782 vastatis,
1052 2709 1203 2769 frumentis

208 2805 338 2878 succisis,
368 2807 506 2866 aedificiis
536 2807 670 2878 incensis,
703 2808 783 2884 quod
813 2807 944 2884 Menapii
974 2827 1005 2866 se
1035 2827 1139 2867 omnes
1170 2811 1202 2866 in

207 2907 395 2966 densissimas
420 2907 504 2967 silvas
529 2906 707 2977 abdiderant,
730 2925 761 2964 se
782 2906 820 2966 ad
841 2904 997 2966 Caesarem
1021 2919 1202 2988 receperunt.

208 3005 317 3065 Caesar
335 3006 366 3062 in
384 3003 482 3080 Belgis
501 3004 635 3062 omnium
653 3005 803 3080 legionum
821 3005 943 3064 hiberna
959 3005 1114 3065 constituit.
1155 3005 1203 3088 Eo

208 3105 283 3164 duae
294 3105 416 3162 omnino
430 3104 557 3163 civitates
571 3122 607 3161 ex
618 3102 766 3161 Britannia
777 3103 893 3162 obsides
903 3105 1043 3163 miserunt
1051 3124 1058 3177 ;
1074 3104 1203 3182 reliquae

152 3187 195 3276 ⁴30
208 3203 407 3280 neglexerunt.
449 3201 506 3260 His
531 3203 616 3260 rebus
640 3200 729 3278 gestis
754 3220 790 3259 ex
814 3201 913 3262 litteris
934 3202 1067 3267 Caesaris
1092 3203 1204 3265 dicrum

208 3301 308 3379 viginti
324 3299 496 3380 supplicatio
511 3317 528 3358 a
542 3309 643 3358 senatu
657 3298 772 3357 decreta
786 3308 838 3359 est.
