2650 3918
117 215 255 288 2-7—31.
368 214 414 262 DE
436 213 548 262 BELLO
571 213 725 264 GALLICO
746 213 857 264 GOMM.
879 214 930 264 IV.
1077 213 1117 284 79

116 381 185 422 cum
212 363 347 423 fluctibus
378 364 600 441 complerentur,
629 365 794 424 necessario
824 365 945 424 adversa
973 373 1060 423 nocte
1089 364 1119 420 in

117 463 207 521 albim
229 462 377 538 profectae
402 464 600 522 continentem
621 463 772 539 petierunt.
814 469 870 522 29.
891 462 1005 522 Eadem
1033 472 1119 520 nocte

118 561 232 632 accidit,
249 570 281 630 ut
295 570 372 619 esset
389 561 458 620 lima
476 561 570 639 plena,
586 562 636 639 qui
655 561 717 620 dies
732 562 893 622 maritimos
913 569 1010 620 aestus
1028 561 1119 618 maxi-

118 677 185 718 mos
197 659 229 716 in
247 657 371 718 Oceano
385 659 498 718 efficere
520 661 679 732 consuevit,
701 661 866 736 nostrisque
887 660 918 718 id
938 669 999 717 erat
1017 659 1120 734 incog-

119 757 222 816 nitum.
264 757 309 816 Ita
328 776 389 817 uno
409 768 541 836 tempore
565 769 595 818 et
622 759 726 835 longas
754 777 853 830 naves,
878 759 983 836 quibus
1012 756 1147 818 Caesare

119 857 278 916 exercitum
297 857 554 932 transportandum
572 867 720 916 curaverat
734 875 865 935 quasque
880 858 910 915 in
925 857 1037 916 aridum
1052 857 1119 914 sub-

120 953 250 1025 duxerat,
272 965 368 1014 aestus
389 955 592 1036 compleverat,
614 966 645 1015 et
663 958 820 1028 onerarias,
842 973 917 1032 quae
938 954 976 1014 ad
997 973 1119 1014 ancorae

120 1063 204 1112 erant
225 1052 375 1128 deligatae,
394 1063 552 1130 tempestas
574 1035 736 1125 afflictabat,
757 1071 853 1130 neque
874 1053 932 1112 ulla
951 1054 1057 1112 nostris
1077 1053 1120 1110 fa·
1159 1072 1162 1078 ·

121 1151 214 1210 cultas
235 1161 284 1210 aut
306 1152 528 1212 administrandi
552 1161 601 1210 aut
626 1151 782 1211 auxiliandi
806 1150 935 1210 dabatur.
978 1150 1119 1228 Complu-

121 1252 201 1310 ribus
222 1251 345 1312 nanibus
365 1250 462 1310 fractis
483 1251 610 1329 reliquae
638 1269 706 1310 cum
733 1261 831 1322 essent
858 1250 985 1322 funibus,
1007 1250 1121 1308 ancoris
1136 1273 1166 1308 ro

121 1350 297 1426 reliquisque
329 1350 516 1409 armamentis
547 1351 661 1410 amissis
696 1351 734 1408 ad
768 1349 963 1428 navigandum
998 1349 1120 1420 inutiles,

122 1465 241 1526 magna,
255 1448 287 1507 id
306 1448 387 1525 quod
405 1465 527 1507 necesse
547 1458 608 1507 erat
629 1449 768 1519 accidere,
784 1448 872 1533 totius
893 1448 1035 1508 exercitus
1056 1466 1121 1524 per-

123 1549 250 1608 turbatio
277 1547 354 1606 facta
381 1557 434 1606 est.
476 1546 581 1624 Neque
602 1548 681 1606 enim
701 1566 790 1607 naves
811 1556 893 1606 erant
913 1548 995 1622 aliae,
1017 1547 1121 1625 quibus
1193 1586 1196 1592 ·

122 1646 265 1723 reportari
292 1622 347 1722 phs
363 1655 420 1718 ent,
449 1655 479 1704 et
505 1647 603 1704 omnia
631 1646 756 1718 deerant,
785 1664 860 1723 quae
888 1646 926 1705 ad
952 1645 1122 1704 reficiendas

123 1755 214 1806 naves
238 1755 320 1804 erant
344 1707 417 1816 iffi,
441 1753 478 1816 et,
501 1745 583 1822 quod
610 1746 747 1804 omnibus
772 1745 922 1804 constabat
945 1745 1065 1804 hiemari
1092 1745 1124 1802 in
1138 1764 1167 1814 15

125 1844 221 1905 Gallia
234 1853 376 1920 oportere,
391 1842 569 1902 frumentum
587 1843 632 1903 his
649 1845 680 1902 in
697 1843 770 1903 locis
788 1844 819 1902 in
835 1844 961 1903 hiemem
975 1843 1124 1919 provisum

125 1962 189 2002 non
202 1951 272 2000 erat

179 2048 236 2102 80.
259 2039 373 2114 Quibus
406 2041 493 2098 rebus
528 2041 653 2116 cognitis
683 2041 832 2118 principes
864 2039 1038 2110 Britanniae,
1074 2043 1124 2117 qui

126 2150 194 2218 post
213 2138 359 2215 proelium
376 2138 414 2198 ad
433 2137 590 2198 Caesarem
609 2148 805 2214 convenerant
833 2139 907 2250 ipter
928 2155 960 2198 se
979 2139 1123 2210 collocuti,

70 2275 74 2281 -
127 2258 196 2297 cum
217 2217 378 2314 equites'et
399 2255 488 2296 naves
509 2246 537 2296 et
557 2237 732 2297 frumentum
753 2183 897 2296 Rohlanis
919 2238 1021 2298 deesse
1042 2239 1125 2298 intel·
1139 2269 1171 2304 20

126 2338 258 2413 legerent
289 2345 318 2394 et
348 2336 524 2411 paucitatem
557 2337 683 2396 militurn
710 2355 747 2394 ex
780 2347 941 2396 castrorum
971 2337 1125 2413 exiguitate

128 2443 351 2513 cognoscerent,
372 2453 447 2510 quae
471 2433 528 2493 hoc
549 2445 630 2493 erant
651 2435 738 2493 etiam
759 2436 935 2511 angustiora,
959 2437 1039 2514 quod
1064 2438 1126 2496 sine

128 2533 345 2611 impedimentis
361 2531 469 2592 Caesar
482 2532 612 2609 legiones
627 2544 876 2611 transportaverat,
891 2537 1034 2612 optimum
1048 2535 1126 2596 sactu

130 2652 194 2692 esse
234 2633 377 2691 duxerunt
412 2633 569 2692 rebellione
606 2633 683 2692 facta
718 2633 865 2692 frumento
903 2645 1127 2712 commeatuque

130 2743 247 2793 nostros
268 2731 420 2808 prohibere
447 2740 475 2790 et
499 2749 561 2789 rem
584 2733 614 2790 in
638 2732 765 2790 hiemem
788 2733 958 2808 producere,
979 2734 1059 2810 quod
1083 2733 1127 2793 his
1142 2762 1170 2810 25

132 2831 273 2908 superatis
287 2840 337 2888 aut
350 2831 444 2910 reditu
456 2830 619 2888 interclusis
631 2831 778 2888 neminem
793 2841 894 2906 postea
907 2831 975 2889 belli
987 2831 1128 2890 inferendi

133 2947 221 2988 causa
237 2928 268 2986 in
282 2927 459 2988 Britanniam
472 2931 658 2988 transiturum
672 2929 865 2988 confidebant.
908 2930 1010 3008 Itaque
1030 2951 1128 2991 rursus

134 3027 333 3086 coniuratione
348 3027 426 3086 facta
439 3028 577 3104 paulatim
592 3047 628 3086 ex
643 3029 743 3087 castris
758 3027 905 3088 discedere
920 3047 954 3088 ac
969 3047 1039 3089 suos
1052 3031 1128 3088 clam

134 3144 170 3184 ex
190 3127 267 3202 agris
289 3125 433 3184 deducere
454 3138 621 3203 coeperunt.
664 3132 711 3185 31.
732 3126 773 3184 At
791 3125 907 3198 Caesar,
923 3128 976 3186 etsi
995 3129 1129 3186 nondum

136 3243 236 3284 eorum
264 3225 388 3283 consilia
414 3237 598 3300 cognoverat,
627 3235 726 3284 tamen
754 3234 783 3284 et
814 3245 851 3284 ex
882 3237 985 3285 eventu
1013 3227 1129 3286 navium
1144 3259 1175 3310 30

137 3334 299 3382 suammet
320 3343 357 3382 ex
378 3343 424 3396 eo,
444 3325 524 3400 quod
543 3325 660 3386 obsides
681 3325 750 3384 dare
770 3326 994 3395 intenniserant,
1009 3324 1070 3382 fore
1091 3326 1144 3402 id,¹

137 3423 216 3499 quod
231 3423 345 3494 accidit,
362 3423 567 3499 suspicabatur.
611 3424 714 3500 Itaque
732 3424 770 3482 ad
784 3442 887 3482 omnes
901 3440 985 3480 casus
1003 3424 1131 3484 subsidia

139 3523 335 3600 comparabat.
376 3520 455 3580 Nam
476 3531 504 3580 et
519 3522 695 3582 frumentum
714 3541 751 3581 ex
769 3523 846 3598 agris
865 3520 970 3580 cotidie
991 3521 1022 3583 in
1039 3535 1131 3582 castra
