2630 3916
135 205 272 274 13-15.
370 159 422 254 Ba
443 206 554 258 anuto
577 207 861 260 crrrmoconn.
886 210 942 259 111.
1089 210 1130 280 57

130 361 220 430 atque
233 354 315 412 omni
333 373 441 432 genere
458 368 608 418 armorum¹
620 358 821 418 ornatissimae
835 358 982 436 profectae
996 377 1032 418 ex
1046 366 1133 434 portu
1151 437 1154 444 .

130 453 239 512 nostn's
256 453 393 514 adversae
415 456 623 530 constiterunt;
652 476 747 536 neque
767 458 835 518 satis
857 425 959 528 Brutoi
974 458 1025 534 qui
1046 446 1149 515 classi'

130 561 270 626 praeerat,
307 553 353 612 vel
390 554 512 614 tribunis
549 555 673 615 militum
707 557 990 635 centurionibusque,
1026 556 1132 632 quibus

131 649 263 725 singulae
280 639 368 710 nave's
387 661 469 711 erant
489 635 650 726 attributae,
672 656 833 728 constabat,
855 655 926 733 quid
945 642 1131 730 agerentiaut

130 764 221 822 quarn
235 749 377 809 rationem
391 769 508 828 pugnae
522 752 696 812 insisterent
738 752 847 814 Rostro
861 754 940 813 enim
954 753 1054 811 noceri
1068 771 1130 811 non
1144 767 1158 818 5
1202 827 1204 833 Ι

130 863 220 922 posse
255 859 468 924 cognoverant:
506 851 630 910 turribus
665 862 762 911 autem
795 852 925 911 excitatis
959 862 1058 910 tamen
1077 851 1132 910 has

131 942 252 1004 altitudo
266 947 410 1023 puppium
424 966 459 1007 ex
474 949 604 1008 barbaris
620 951 741 1009 navibus
760 952 929 1028 superabat,
937 960 969 1009 ut
983 967 1080 1027 neque
1094 967 1131 1006 ex

130 1041 267 1103 inferiore
285 1045 353 1104 loco
375 1046 445 1106 satis
461 1047 618 1107 commode
637 1048 694 1108 tela
712 1049 787 1108 adici
807 1034 929 1126 possent
947 1049 1080 1134 prmissa
1094 1047 1132 1106 ab

132 1139 224 1200 Gallis
248 1143 363 1219 gravius
383 1145 555 1207 acciderent.
597 1146 666 1206 Una
684 1157 744 1206 erat
765 1165 875 1224 magno
896 1148 960 1207 usui
981 1165 1028 1205 res
1049 1163 1132 1224 prae-

131 1254 152 1315 p
203 1249 233 1299 ta
248 1261 266 1300 a
279 1243 395 1315 nostris,
410 1210 502 1304 falced
508 1256 689 1367 praeacutae
703 1247 827 1306 insertae
845 1246 1007 1323 affixaeque
1028 1245 1132 1320 longu·
1148 1259 1178 1294 10

131 1338 180 1397 riis
200 1358 262 1399 non
279 1341 404 1400 absimili
423 1338 517 1402 fonn'a
537 1344 691 1404 muralium
710 1344 834 1405 falcium.
877 1344 934 1404 His
953 1363 1021 1404 cum
1039 1343 1133 1414 funes,

133 1437 183 1514 qui
197 1447 350 1500 antemnas
364 1441 403 1500 ad
417 1442 510 1502 malos
528 1442 720 1514 destinabant,
735 1443 939 1521 comprehensi
959 1442 1133 1518 adductique

133 1545 225 1608 erant,
259 1539 376 1615 navigio
411 1541 498 1598 remis
536 1541 655 1600 incitato
689 1543 975 1618 praerumpebantur.
1018 1539 1134 1612 Quibus

91 1648 94 1654 ’
133 1634 254 1694 abscisis
278 1646 432 1696 antemnae
457 1640 621 1699 necessario
648 1641 850 1712 concidebant,
875 1652 914 1712 ut,
943 1659 1010 1700 cum
1038 1639 1134 1698 omnis

133 1731 253 1792 Gallicis
269 1736 392 1795 navibus
411 1755 479 1813 spes
496 1738 526 1796 in
543 1738 613 1798 velis
630 1739 874 1816 armamentisque
893 1740 1071 1808 consisteret,
1089 1736 1178 1816 lusos

134 1833 240 1909 ereptis
261 1835 359 1894 omnis
380 1853 450 1896 usus
472 1837 590 1895 navium
607 1855 668 1896 uno
689 1848 823 1915 tempore
841 1838 1011 1914 eriperetur.
1054 1835 1134 1894 Reli-

133 1950 225 2008 quum
246 1942 307 1992 erat
328 1943 476 1994 certamen
498 1936 627 2012 positum
651 1937 681 1994 in
702 1937 813 2008 virtute,
836 1954 894 2013 qua
917 1935 1009 1994 nostri
1030 1933 1134 1992 milites

132 2029 216 2090 facile
230 2033 414 2107 superabant,
426 2042 511 2111 atque
527 2052 563 2093 eo
574 2034 678 2109 magis,
693 2033 773 2110 quod
787 2034 818 2092 in
832 2041 991 2109 conspectu
1001 2031 1134 2091 Caesaris

131 2139 220 2207 atque
234 2131 329 2190 omnis
347 2133 489 2191 exercitus
502 2151 548 2192 res
568 2135 730 2208 gerebatur,
745 2141 777 2192 ut
795 2133 905 2192 nullum
926 2133 1014 2209 paulo
1033 2131 1135 2190 fortius

130 2229 243 2288 factum
261 2229 349 2289 latere
367 2241 484 2308 posset3
507 2249 611 2290 omnes
632 2232 711 2290 enim
731 2231 821 2290 colles
841 2250 876 2290 ac
892 2231 958 2290 loca
977 2230 1133 2308 superiora,
1149 2245 1179 2280 20

132 2325 212 2386 unde
229 2337 290 2386 erat
309 2329 492 2405 propinquus
512 2329 668 2406 despectus
688 2329 719 2387 in
735 2347 824 2402 mare,
846 2331 883 2388 ab
904 2330 1032 2390 exercitu
1052 2339 1134 2388 tene-

132 2416 276 2498 hantuni
288 2432 336 2486 15.
357 2426 501 2500 DisiectiS,
526 2439 558 2488 ut
579 2429 713 2500 diximus,
735 2429 886 2500 antemnis,
912 2448 980 2487 curn
1005 2428 1135 2504 singulas

132 2512 269 2585 binae'ac
282 2534 381 2587 ternae
395 2545 484 2587 naves
499 2526 754 2601 circumsteterant,
768 2527 873 2587 milites
887 2528 1043 2588 summati
1057 2536 1135 2587 tran·

131 2625 274 2686 scendere
294 2628 325 2684 in
343 2627 473 2687 hostium
491 2645 581 2686 naves
602 2627 827 2686 contendebant.
871 2626 962 2699 Quod
976 2636 1134 2703 postquam

131 2725 248 2785 barbari
268 2725 335 2784 fieri·
351 2725 621 2796 animadverterunt,
642 2727 816 2802 expugnatis
837 2726 1034 2802 compluribus
1055 2727 1134 2784 navi-
1149 2741 1178 2791 25

131 2825 197 2895 bus,
220 2840 287 2882 cum
308 2823 335 2882 ei
356 2824 397 2882 rei
419 2823 530 2882 nullum
554 2824 724 2901 reperiretur
745 2824 892 2896 auxilium,
915 2823 986 2900 fuga
1010 2824 1134 2883 salutern

130 2931 231 3002 petere
260 2922 478 2982 contenderunt.
520 2922 565 2981 Ac
600 2923 659 2980 iarn
686 2922 833 2982 conversis
865 2923 895 2980 in
923 2940 990 2981 eam
1022 2931 1134 2998 partem

130 3023 263 3093 navibus,
287 3039 347 3098 quo
368 3029 471 3082 ventus
493 3020 611 3093 serebat,
634 3031 714 3080 tanta
738 3021 834 3090 subito
855 3020 978 3081 malacia
1000 3039 1034 3079 ac
1057 3031 1136 3078 tran·

132 3122 257 3200 quillitas
284 3121 400 3193 exstitit,
426 3130 459 3179 ut
486 3139 517 3180 se
546 3138 582 3180 ex
610 3119 677 3179 loco
701 3138 888 3180 commovere
916 3137 978 3178 non
1004 3108 1133 3195 possent.

132 3220 218 3294 Quae
240 3221 361 3296 quidem
385 3238 432 3279 res
459 3218 497 3278 ad
518 3219 668 3297 negotium
693 3220 907 3278 conficiendum
931 3218 1058 3277 maxime
1080 3215 1134 3275 fuit
1147 3239 1178 3289 30

131 3329 315 3396 opportuna:
338 3337 408 3377 nam
421 3318 549 3394 singulas
563 3319 655 3377 nostri
669 3318 828 3377 consectati
843 3325 1090 3395 expugnaverunt,
1101 3327 1135 3375 ut

131 3436 168 3494 pe
202 3436 295 3530 quc?
323 3435 360 3476 ex
388 3416 470 3476 omni
496 3433 619 3476 numero
647 3417 742 3476 noctis
773 3416 935 3474 interventu
963 3411 1000 3470 ad
1027 3420 1145 3486 terram.

24 3537 26 3544 ⁴
130 3535 169 3596 pe
201 3525 325 3588 enennt,
341 3533 409 3576 cum
423 3516 461 3576 ab
474 3514 547 3576 hora
560 3514 619 3574 fere
634 3524 736 3592 quarta
748 3532 841 3592 usque
856 3513 894 3572 ad
908 3510 979 3572 solis
994 3529 1134 3572 occasum
