2630 3916
194 169 238 243 4o
398 166 401 170 ’
493 165 514 170 ’“
535 175 563 224 o.
586 165 679 222 tuan
697 168 875 248 cassarent·
1122 175 1195 222 -Π,

194 325 387 404 mulieresque
408 343 444 386 ex
468 343 553 385 muro
577 324 671 402 passis
694 325 830 384 manibus
851 341 905 384 suo
926 341 1009 383 more
1030 341 1135 399 pacem
1152 322 1196 380 ab

197 423 340 484 Romanis
370 424 523 502 petierunt.
578 431 625 485 14.
655 424 712 482 Pro
739 423 785 482 his
814 422 974 481 Divitiacus
1013 420 1096 502 (nam
1126 432 1196 498 post

173 522 354 582 -discessum
385 523 543 601 Belgarum
569 523 695 582 dimissis
726 521 899 580 Aeduorum
930 520 1024 597 copiis
1056 521 1095 579 ad
1126 537 1195 578 eum

192 624 357 696 reverterat)
383 621 451 681 facit
477 623 584 680 verba:
614 621 784 680 Bellovacos
812 619 893 679 omni
921 628 1054 695 tempore
1082 619 1112 676 iu
1136 618 1195 677 lide

164 729 279 797 satque
307 720 433 779 amicitia
461 720 582 779 civitatis
613 719 734 778 Aeduae
765 717 872 777 fuisse:
906 717 1049 794 impulsos
1081 735 1099 775 a
1133 717 1194 776 suis

191 819 379 896 principibus,
401 819 451 895 qui
472 818 601 877 dicerent
620 817 741 877 Aeduos
763 816 801 874 ab
822 815 948 875 Caesare
972 816 1002 873 iu
1027 813 1193 872 servitutem

191 917 325 977 redactos
359 935 463 977 omnes
497 917 683 994 indignitates
717 915 965 992 contumeliasque
996 913 1132 990 perferre,
1163 923 1193 973 et

191 1015 229 1074 ab
253 1015 364 1076 Aeduis
391 1015 532 1077 defecisse
559 1027 588 1076 et
614 1016 726 1094 populo
754 1013 893 1074 Romano
916 1013 1024 1072 bellum
1053 1011 1191 1072 intulisse.

147 1121 153 1130 '
191 1112 252 1185 Qui
286 1115 347 1173 eius
381 1114 493 1174 consilii
528 1115 672 1191 principes
703 1113 833 1184 fuissent,
868 1110 949 1191 quod
982 1111 1191 1186 intellegerent,

147 1219 331 1288 roquantam
366 1213 559 1273 calamitatem
594 1213 700 1273 civitati
736 1211 907 1282 intulissent,
942 1210 973 1270 in
1010 1209 1191 1268 Britanniam

190 1309 363 1387 profugisse.
405 1310 507 1370 Petere
531 1330 594 1370 non
617 1312 712 1371 solum
737 1310 916 1382 Bellovacos
942 1309 995 1368 sed
1019 1311 1106 1369 etiam
1134 1325 1190 1385 pro

189 1408 235 1468 his
253 1408 384 1481 Aeduos
399 1419 431 1469 ut
449 1429 502 1470 sua
515 1411 668 1469 clementia
685 1429 719 1470 ac
733 1407 955 1468 mansuetudine
972 1408 1068 1468 ineos
1084 1418 1189 1468 utatur.

190 1505 281 1580 Quod
301 1506 324 1564 si
343 1506 451 1580 lecerit,
466 1508 637 1569 Aeduorum
656 1509 855 1569 auctoritatem
872 1507 951 1583 apud
965 1524 1068 1566 omnes
1083 1506 1189 1585 Belgas

189 1607 448 1682 amplificaturum3
471 1626 595 1683 quorum
617 1608 728 1666 auxiliis
750 1616 836 1683 atque
857 1607 972 1684 opibus,
992 1607 1016 1665 si
1037 1625 1095 1684 qua
1112 1607 1189 1666 bella

146 1722 175 1772 15
188 1703 348 1779 inciderint,
370 1715 530 1770 sustentare
551 1707 726 1764 consuerint.
767 1712 814 1765 15.
837 1704 945 1764 Caesar
964 1705 1085 1764 honoris
1106 1705 1189 1765 Divi·

188 1802 255 1861 tiaci
275 1813 362 1880 atque
383 1805 554 1864 Aeduorum
575 1822 664 1864 causa
685 1823 749 1864 sese
770 1823 822 1863 eos
843 1805 874 1862 in
895 1805 983 1863 tidem
1004 1815 1188 1880 recepturum

95 1975 103 1996 f
187 1909 217 1960 et
231 1913 469 1962 conservaturum
484 1904 554 1963 dixit
565 1923 574 1977 3
593 1904 676 1980 quod
688 1914 748 1963 erat
760 1904 859 1963 civitas
870 1922 978 1980 magna
992 1903 1066 1962 inter
1080 1903 1188 1981 Belgas

188 2002 357 2060 auctoritate
373 2012 459 2079 atque
478 2002 632 2061 hominum
646 2002 829 2061 multitudine
843 2003 1016 2078 praestabat,
1032 2012 1187 2062 sexcentos
1281 2015 1286 2024 ·

187 2099 306 2159 obsides
326 2100 468 2177 poposcit
513 2100 570 2160 His
586 2101 696 2160 traditis
710 2100 903 2177 omnibusque
918 2101 1005 2160 armis
1022 2119 1059 2159 ex
1073 2103 1187 2179 oppido

144 2219 175 2254 20
187 2197 299 2256 collatis
324 2200 361 2257 ab
385 2217 422 2258 eo
447 2199 514 2259 loco
539 2200 570 2259 in
591 2200 665 2258 fines
686 2199 900 2258 Ambianorum
920 2201 1058 2276 pervenit,
1100 2201 1130 2260 ui
1154 2220 1186 2261 se

187 2310 297 2370 suaque
317 2297 417 2356 omnia
437 2298 500 2356 sine
521 2315 603 2357 mora
624 2297 804 2357 dediderunt.
847 2297 958 2357 Eorum
986 2300 1058 2358 fines
1079 2219 1187 2358 Aterni

187 2392 385 2469 attingebant;
415 2413 540 2472 quorum
568 2396 605 2455 de
633 2405 736 2453 natura
763 2395 951 2473 moribusque
980 2397 1088 2458 Caesar
1115 2417 1187 2459 cum

186 2500 344 2567 quaereret,
367 2492 408 2551 sic
428 2493 606 2569 reperiebat:
628 2491 749 2550 Nullum
767 2493 878 2552 aditum
897 2512 961 2554 esse
981 2497 1019 2555 ad
1037 2515 1089 2557 eos
1108 2517 1186 2558 mer-

186 2590 348 2663 catoribus3
370 2590 441 2649 nihil
459 2591 519 2667 pati
538 2591 597 2649 vini
615 2591 846 2669 reliquarumque
866 2612 962 2653 rerum
978 2597 1027 2669 (ad
1042 2597 1185 2658 luxuriam

140 2713 171 2762 25
186 2687 404 2764 pertinentium)
427 2689 533 2762 inferri,
555 2690 636 2767 quod
659 2690 694 2750 iis
718 2692 805 2750 rebus
828 2691 1047 2768 relanguescere
1069 2698 1185 2758 animos

189 2785 317 2858 [eorum]
333 2797 362 2846 et
375 2788 479 2847 remitti
496 2789 629 2847 virtutem
643 2790 855 2851 existimarent:
876 2810 940 2850 esse
957 2791 1092 2853 homines
1106 2795 1185 2856 leros

184 2893 369 2959 magnaeque
405 2887 523 2959 virtutis,
558 2889 729 2966 increpitare
763 2900 850 2965 atque
888 2891 1019 2950 incusare
1057 2895 1185 2971 reliquos

185 2977 300 3056 Belgae,
335 2983 386 3058 qui
418 3003 449 3043 se
481 2985 592 3062 populo
623 2985 761 3046 Romano
793 2986 971 3047 dedidissent
1001 2992 1185 3071 patriamque

184 3079 317 3136 virtutem
358 3081 567 3157 proiecissent:
615 3085 787 3144 confirmare
828 3103 893 3144 sese
933 3105 1029 3164 neque
1070 3090 1185 3167 legatos

139 3200 171 3248 30
184 3175 325 3236 missuros
350 3196 446 3255 neque
470 3181 559 3240 ullam
579 3184 783 3242 condicionem
807 3185 888 3261 pacis
912 3197 1091 3262 accepturos.
1134 3197 1184 3250 16.

183 3272 261 3331 Cum
284 3295 337 3352 per
360 3295 462 3337 eorum
486 3279 558 3339 fines
582 3281 708 3340 triduum
731 3283 785 3341 iter
808 3283 931 3353 fecisset,
957 3285 1122 3347 inveniebat
1147 3309 1186 3350 cx

183 3372 312 3446 captivis·
329 3376 428 3435 Sabim
451 3377 562 3436 flumen
586 3380 623 3438 ab
648 3381 747 3440 castris
775 3382 835 3440 suis
861 3400 924 3441 non
952 3385 1076 3460 amplius
1104 3389 1186 3450 milia

182 3483 322 3542 passuum
342 3493 362 3533 x
382 3465 503 3538 abesse:
524 3487 604 3538 trans
624 3479 654 3537 id
676 3479 786 3538 flumen
807 3499 911 3541 omnes
932 3483 1056 3544 Nervios
1076 3504 1185 3548 couse-
