2630 3916
211 208 256 276 34
471 191 672 255 '051er
696 201 871 253 ernstius
993 204 995 207 ·
1171 203 1208 250 11.
1295 235 1296 238 ,

210 355 296 415 misit.
338 354 415 433 Ipse,
436 373 505 415 eum
529 355 657 432 primum
680 353 778 431 pabuli
799 354 885 431 copia
910 369 975 412 esse
1001 352 1150 428 inciperet,
1171 335 1212 411 ad

210 453 367 514 exercitum
404 455 490 513 venit.
540 453 599 513 Dat
635 453 787 529 negotium
826 451 991 511 Senonibus
1033 450 1209 528 reliquisque

211 551 311 623 Gallis,
340 553 390 628 qui
417 553 531 612 finitimi
559 551 661 629 Belgis
685 561 779 623 erant,
799 551 848 626 uti
866 569 1022 628 .ea„,„quae
1050 549 1209 626 apudxeos

209 661 354 728 gerantur,
373 660 555 728 cognoscant
576 668 666 728 seque
688 643 724 708 de
745 649 791 709 his
811 651 899 708 rebus
919 650 1072 726 certiorem
1094 648 1209 709 faciant.

181 748 252 819 5Hi
277 759 443 810 constanter
468 767 573 808 omnes
596 749 799 809 nuntiaverunt
823 766 928 807 manus
953 748 1029 824 cogi,
1051 747 1209 806 exercitum

209 847 240 907 in
274 865 366 906 unum
399 848 499 907 locum
531 847 665 906 conduci.
707 847 788 906 Tum
822 861 890 905 vero
926 846 1117 906 dubitandum
1147 862 1210 903 non

177 939 179 944 ’
209 947 389 1018 existimavit,
418 947 489 1024 quin
522 946 560 1005 ad
588 963 640 1005 eos
671 946 910 1022 proficisceretur.
951 944 997 1004 Re
1024 944 1210 1003 frumentaria

210 1055 378 1121 comparata
405 1053 500 1104 castra
527 1054 626 1104 movet
654 1045 815 1120 diebusque
840 1043 953 1102 circiter
979 1043 1147 1120 quindecim
1172 1041 1210 1100 ad
1295 1057 1296 1060 ’

209 1143 282 1202 fines
297 1142 453 1218 Belgarum
468 1142 606 1218 pervenit.
649 1148 677 1201 3.
699 1141 829 1210 Eccum
848 1140 885 1200 dc
899 1137 1057 1218 improviso
1076 1138 1210 1198 celerius·

166 1265 196 1301 10
209 1260 266 1319 que
286 1241 367 1299 omni
388 1241 528 1317 opinione
549 1241 682 1311 venisset,
704 1239 801 1311 Remi,
823 1241 873 1316 qui
892 1241 1017 1315 proximi
1039 1239 1151 1299 Galliae
1172 1257 1209 1296 ex

208 1337 308 1414 Belgis
333 1348 408 1408 sunt,
434 1336 472 1396 ad
499 1355 567 1396 eum
592 1337 705 1414 legatos
733 1339 844 1396 Iccium
872 1347 903 1397 et
928 1337 1207 1407 Andecumborium,

208 1437 320 1514 primos
340 1436 469 1508 civitatis,
489 1437 638 1508 miserunt,
658 1436 708 1512 qui
730 1436 859 1495 dicerent
878 1454 910 1494 se
931 1453 1041 1512 suaque
1061 1435 1160 1494 omnia
1178 1434 1209 1490 in

209 1535 298 1594 fidem
313 1544 399 1612 atque
416 1536 447 1593 in
464 1544 641 1611 potestatem
659 1533 760 1610 populi
778 1533 907 1593 Romani
923 1533 1099 1610 permittere,
1114 1549 1209 1608 neque

210 1651 241 1692 sc
263 1651 331 1692 cum
352 1633 451 1710 Belgis
476 1633 592 1709 reliquis
614 1631 800 1692 consensisse
824 1625 919 1707 neque
941 1640 1043 1690 contra
1067 1629 1210 1706 populum

167 1746 195 1797 15
210 1730 378 1789 Romanum
403 1731 578 1801 coniurasse,
600 1739 777 1807 paratosque
802 1747 866 1788 esse
891 1738 920 1787 et
945 1728 1062 1786 obsides
1087 1729 1156 1787 dare
1182 1737 1210 1786 et

208 1829 350 1904 imperata
370 1828 467 1887 facere
488 1838 517 1886 et
538 1827 655 1904 oppidis
675 1827 805 1904 recipere
829 1837 859 1884 et
879 1827 1026 1885 immerito
1047 1826 1210 1902 ceterisque

208 1927 294 1986 rebus
332 1927 446 2000 iuvare3
488 1927 616 2003 reliquos
652 1939 757 1985 omnes
794 1923 902 2002 Belgas
940 1925 971 1982 in
1009 1923 1096 1982 armis
1134 1941 1209 1995 esse,

210 2026 444 2104 Germanosque,
472 2027 523 2103 qui
557 2027 599 2085 cis
633 2023 773 2084 Rhenum
807 2024 945 2096 incolant,
973 2040 1037 2082 sese
1065 2038 1133 2082 cum
1163 2021 1210 2082 his

209 2126 403 2197 coniunxisse,
433 2135 604 2202 tantumque
632 2141 697 2184 esse
723 2141 827 2183 eorum
854 2123 987 2182 omnium
1014 2121 1150 2192 furorem,
1178 2130 1211 2179 ut

167 2243 197 2278 ro
209 2237 247 2279 ne
271 2223 446 2282 Suessiones
471 2225 600 2300 quidem,
620 2223 722 2282 fratres
743 2223 1039 2298 consanguineosque
1060 2237 1138 2292 suos,
1160 2219 1210 2297 qui

209 2319 316 2376 eodem
347 2321 408 2377 iure
443 2331 472 2378 et
502 2322 597 2379 isdem
631 2321 744 2396 legibus
778 2331 902 2392 utantur,
934 2335 1025 2378 unum
1056 2318 1210 2396 imperium

210 2431 360 2491 unumque
374 2417 574 2491 magistratum
588 2435 656 2476 cum
669 2419 740 2494 ipsis
753 2417 891 2490 habeant,
901 2418 1043 2488 deterrere
1054 2415 1208 2494 potuerint,

210 2512 280 2588 quin
296 2529 363 2570 cum
377 2512 423 2572 his
436 2515 647 2574 consentirent,
702 2547 708 2578 r
1295 2495 1296 2498 Ἴ

250 2614 280 2668 4.
303 2607 381 2668 Cum
404 2611 441 2670 ab
466 2611 511 2670 his
539 2621 696 2690 quaereret,
721 2631 796 2690 quae
820 2613 948 2674 civitates
973 2623 1155 2691 quantaeque
1178 2614 1210 2670 in

168 2729 197 2782 ²5
215 2708 303 2766 armis
334 2719 433 2768 esseut
464 2721 492 2769 et
524 2711 595 2788 quid
625 2712 656 2769 in
686 2712 764 2771 bello
794 2722 925 2790 possent,
957 2715 998 2772 sic
1032 2712 1210 2790 reperiebat:

211 2806 366 2884 plerosque
401 2807 508 2886 Belgas
541 2827 609 2870 esse
640 2821 721 2870 ortos
755 2813 792 2870 ab
824 2811 979 2872 Germanis
1015 2812 1210 2887 Rhenrunque

212 2905 367 2981 antiquitus
389 2909 538 2968 traductos
561 2920 680 2986 propter
703 2911 760 2993 loci
781 2911 954 2970 fertilitatem
978 2912 1017 2970 ibi
1042 2910 1211 2970 consedisse
1295 2917 1296 2920 ’

212 3002 381 3080 Gallosque,
403 3007 453 3083 qui
474 3027 509 3066 ea
530 3007 595 3067 loca
619 3009 788 3081 incolerent,
810 3011 953 3086 expulisse
978 3009 1115 3085 solosque
1135 3025 1212 3080 esse,

212 3103 262 3180 qui
275 3114 391 3180 patrum
405 3116 572 3165 nostrorum
585 3109 725 3167 memoria
739 3109 820 3168 omni
835 3107 928 3168 Gallia
941 3119 1042 3168 vexata
1056 3108 1211 3169 Teutonos

76 3264 78 3272 ,
169 3220 200 3270 30
213 3200 408 3278 Cimbrosque
433 3204 507 3262 intra
528 3206 600 3264 fines
625 3223 693 3266 suos
717 3209 831 3284 ingredi
851 3208 1066 3284 prohibuerint3
1094 3223 1152 3283 qua
1172 3223 1212 3264 ex

212 3313 244 3352 re
258 3297 327 3369 fien',
341 3300 383 3356 uti
400 3315 500 3359 earum
517 3319 613 3361 rerum
631 3303 772 3364 memoria
789 3321 927 3382 magnam
941 3306 994 3365 sibi
1012 3305 1212 3364 auctoritatem

213 3405 397 3473 magnosque
422 3399 537 3474 spiritus
564 3401 595 3458 in
623 3420 654 3460 re
678 3403 792 3462 militari
819 3413 973 3463 sumerent.
1015 3403 1062 3462 De
1085 3421 1212 3463 numero

215 3501 315 3548 eorum
333 3497 433 3556 omnia
453 3516 485 3557 se
503 3498 610 3559 habere
627 3502 775 3578 explorata
793 3503 878 3597 Remi
894 3503 1036 3576 dicebant,
1056 3511 1213 3578 propterea
