2686 3910
132 204 272 274 49-53.
389 205 435 251 DE
456 205 566 253 BELLO
591 205 741 253 GALLICO
764 205 875 256 COMM·
902 206 974 256 VIII.
1074 207 1134 272 207

134 353 214 416 enim
233 353 366 414 veniebat
385 356 422 413 ab
443 356 491 414 illo
513 357 663 414 universae
685 354 798 413 Galliae
819 355 906 414 belle.
949 354 1029 413 Nihil
1050 356 1136 413 relin-

133 452 284 528 quebatur,
313 455 393 530 quod
417 456 455 514 ad
479 463 614 514 ornatum
644 451 802 530 portarum,
831 453 975 524 itinerum,
1003 454 1136 512 locorum

133 552 274 621 ¹omnium,
296 571 355 628 qua
376 551 484 612 Caesar
506 556 601 614 iturus.
622 563 690 624 erat,
714 555 871 629 excogitari
894 561 1014 628 poterat.
1059 552 1135 611 Cum

132 650 229 710 liberis
250 652 347 710 omnis
365 653 519 712 multitudo
539 654 654 712 obviam
672 653 856 731 procedebat,
871 651 982 710 hostiae
997 653 1135 710 omnibus

131 749 204 808 locis
223 750 456 823 immolabantur,
476 753 603 812 tricliniis
624 755 718 812 stratis
739 753 802 812 fora
822 751 988 828 templaque
1008 765 1162 827 occupa-⁵
1219 744 1221 750 ¹

131 849 291 919 bantur,'ut
309 850 354 908 vel
376 852 576 927 spectatissimi
595 851 733 928 triumphi
751 851 858 910 laetitia
877 851 1004 927 praecipi
1023 861 1134 925 posset.

132 946 231 1006 Tanta
252 957 312 1006 erat
330 939 547 1025 magnificentia
567 950 646 1026 apud
664 950 871 1026 opulentioreS‚
890 949 1034 1024 cupiditas
1055 949 1134 1024 apud

132 1045 310 1108 humiliores.
1075 1057 1080 1067 ’

174 1150 227 1204 52.
249 1143 326 1204 Cum
347 1163 450 1206 omnes
472 1148 607 1224 regiones
627 1147 742 1207 Galliae
763 1158 880 1224 togatae
902 1147 1011 1206 Caesar
1031 1164 1133 1223 percu·

131 1243 277 1313 currisset,
306 1261 421 1302 summa
454 1246 598 1305 celeritate
626 1248 664 1305 ad
693 1247 851 1305 exercitum
880 1244 1133 1304 Nemetocennam
1149 1258 1179 1294 10

130 1342 215 1400 rediit
235 1341 455 1420 legionibusque
477 1364 514 1403 ex
535 1346 822 1406 omnibus'hibernis
848 1347 886 1403 ad
910 1344 984 1404 fines
1009 1344 1133 1402 Trever-

130 1457 216 1498 orum
240 1441 366 1499 evocatis
390 1460 425 1500 eo
448 1443 595 1518 profectus
621 1455 665 1504 est
689 1445 786 1520 ibique
812 1445 971 1502 exercitum
996 1442 1131 1501 lustravit.

131 1537 168 1596 T.
185 1537 349 1596 Labienum
365 1539 475 1600 Galliae
491 1543 628 1617 praefecit
642 1553 768 1618 togatae,
783 1559 843 1618 quo
858 1543 968 1600 maiore
983 1558 1132 1599 commen-

131 1639 248 1696 datione
263 1638 464 1697 conciliaretur
478 1642 517 1699 ad
531 1642 699 1700 consulatus
713 1643 892 1717 petitionem.
934 1639 1002 1717 Ipse
1020 1650 1133 1698 tanturn

129 1737 265 1796 itinerum
281 1737 412 1808 faciebat,
424 1748 563 1814 quantum
580 1742 648 1800 satis
663 1759 728 1799 esse
743 1741 781 1799 ad
794 1740 986 1799 mutationem
1000 1737 1132 1796 locorum
1148 1755 1176 1806 15

129 1844 250 1912 propter
278 1837 473 1897 salubritatem
501 1840 691 1898 existimabat
749 1839 795 1896 Ibi
823 1854 1001 1912 quamquam
1029 1839 1132 1895 crebro

131 1925 268 1992 audiebat
295 1935 459 1995 Labienum
487 1939 525 1996 ab
553 1938 676 1996 inimicis
705 1937 764 1996 suis
798 1935 942 1994 sollicitari
970 1934 1131 2010 certiorque

130 2031 217 2094 fiebat
236 2033 268 2090 id·
285 2034 332 2108 agi
351 2053 512 2109 paucorum
532 2035 667 2106 consillia,
683 2044 715 2093 ut
735 2034 905 2110 interposita
926 2043 1042 2092 senatus
1063 2050 1132 2091 auc·

128 2131 243 2190 toritate
264 2131 361 2207 aliqua
380 2142 462 2209 parte
483 2135 627 2193 exercitus
648 2133 829 2209 spoliaretur,
850 2143 948 2190 tamen
970 2148 1065 2207 neque
1094 2132 1131 2189 de

130 2227 261 2288 Labieno
291 2231 412 2290 credidit
433 2234 597 2308 ,quicquam
619 2251 723 2308 neque,
746 2241 847 2290 contra
869 2241 985 2289 senatus
1007 2231 1131 2288 auctori·
1146 2250 1178 2286 aa

129 2334 223 2385 tatem·
247 2337 277 2385 ut
306 2328 414 2404 aliquid
441 2330 557 2410 faceret,
586 2331 692 2390 adduci
720 2330 820 2406 potuit.
873 2328 1025 2388 Iudicabat
1052 2329 1131 2386 enim

129 2423 226 2484 liberis
248 2428 397 2486 sententiis
418 2439 532 2504 patrum
554 2431 787 2505 conscriptorum
809 2445 928 2486 causam
948 2444 1031 2486 suam
1047 2427 1131 2485 facile

129 2523 261 2581 obtineri.
315 2524 393 2583 Nam
422 2526 457 2585 C.
486 2527 583 2599 Curio,
612 2529 744 2587 tribunus
771 2527 874 2604 plebiS,
902 2543 969 2584 cum
998 2526 1130 2585 Caesaris

129 2639 249 2680 causam
270 2623 497 2702 dignitatemque
519 2626 734 2686 defendendam
757 2626 940 2701 suscepisset,
960 2641 1048 2701 saepe
1070 2635 1131 2684 erat

129 2721 244 2778 senatui
258 2722 409 2797 pollicitus
426 2725 449 2782 si
470 2743 558 2800 quem
576 2725 663 2783 timor
682 2743 830 2784 armorum
845 2724 977 2783 Caesaris
994 2725 1128 2794 laederet,
1145 2741 1176 2791 ²5

128 2818 269 2892 quoniam
290 2819 412 2898 Pompei
429 2823 589 2882 dominatio
610 2832 697 2900 atque
718 2841 798 2882 arma
817 2842 878 2882 non
899 2825 1053 2882 minimum
1075 2835 1130 2882 ter-

128 2932 226 2975 rorem
240 2916 305 2974 foro
324 2919 471 2991 inferrent,
487 2922 650 2981 discederet
669 2933 789 2998 uterque
809 2924 846 2981 ab
866 2923 954 2981 armis
973 2923 1129 2982 exercitus·

127 3033 185 3091 que
203 3015 375 3076 dimitteret:
399 3018 459 3078 fore
480 3037 516 3078 eo
536 3020 614 3079 facto
633 3020 753 3092 liberam
774 3031 802 3080 et
821 3022 866 3080 sui
886 3021 954 3080 iuris
975 3021 1126 3080 civitatem.

128 3113 233 3189 Neque
253 3114 310 3172 hoc
331 3124 443 3174 tantum
462 3117 606 3194 pollicitus
626 3129 679 3190 est,
695 3119 745 3177 sed
763 3119 851 3178 etiam
865 3139 917 3196 per
931 3138 962 3178 se
977 3118 1128 3177 discessio-

127 3228 197 3269 nem
233 3210 329 3270 facere
363 3215 479 3290 coepit;
519 3217 600 3291 quod
633 3235 671 3274 ne
705 3216 786 3275 fieret
818 3217 952 3276 consules
985 3216 1128 3290 amicique
1142 3232 1175 3281 so

127 3308 251 3385 Pompei
278 3313 431 3383 iusserunt,
454 3323 541 3390 atque
563 3315 602 3372 ita
623 3333 685 3372 rem
713 3315 894 3374 moderando
923 3314 1127 3372 discusserunt.

127 3408 347 3485 samagam
372 3411 429 3470 hoc
454 3414 654 3470 testimonium
679 3423 797 3472 senatus
825 3422 885 3471 erat
909 3411 1033 3470 universi
1057 3429 1128 3470 con-

126 3508 304 3584 veniensque
327 3511 467 3588 superiori
488 3511 574 3571 facto.
617 3512 695 3570 Nam
717 3510 872 3569 Marcellus
893 3509 1028 3586 proximo
1049 3527 1128 3569 anno

126 3622 195 3665 curn
215 3608 400 3685 impugnaret
420 3609 552 3669 Caesaris
575 3609 754 3687 dignitatem,
769 3617 870 3667 contra
889 3607 985 3684 legem
1005 3606 1128 3684 Pompei
