2686 3910
138 173 245 255 .76·-7
251 189 281 256 7.
368 190 415 236 nr:
437 191 547 238 sarco
561 189 723 238 ‘sturmo
744 187 855 242 corum
882 187 942 234 νη.
1080 185 1141 253 175

140 339 209 411 lant,
231 341 325 416 neque
346 339 402 398 hos
422 339 576 400 habendos
597 341 702 399 civium
723 340 791 398 loc'o'
812 357 908 414 neque
929 337 967 396 ad
988 335 1141 396 consilium

140 437 322 496 adhibendos
342 456 478 497 censeo„
502 439 578 498 Cum
599 439 644 498 his
665 438 736 496 mihi
756 457 803 496 res
825 438 870 508 sit,
889 436 939 511 qui
959 435 1140 510 eruptionem

140 537 284 611 probant;
316 555 442 612 quorum
470 538 500 594 in
527 537 649 596 consilio
677 539 811 596 omnium
838 545 965 595 vestrum
994 549 1141 592 consensu

140 634 278 710 pristinae
299 635 425 694 residere
446 636 556 694 virtutis
577 637 720 695 memoria
740 636 859 694 videtur.
901 634 1002 692 Animi
1022 643 1066 691 est
1087 633 1141 689 ista

141 732 269 803 mollitia,
298 751 359 791 non
391 734 487 805 virtus,
515 735 661 810 paulisper
692 736 822 811 inopiam
850 735 923 793 ferre
952 751 1013 791 non
1044 749 1140 807 posse.
1150 746 1168 795 ,5

142 829 202 902 Qui
226 849 256 888 se
279 831 354 890 ultro
376 833 463 890 morti
486 832 619 905 offerant,
643 833 754 892 facilius
775 834 965 911 reperiuntur,
983 849 1072 909 quam
1091 831 1141 907 qui

141 929 274 988 dolorem
310 930 451 1004 patienter
485 929 593 990 ferant.¹
630 931 728 1006 Atque
764 949 821 1008 ego
855 931 932 990 hanc
968 930 1140 989 sententiam

141 1029 297 1102 probarem
328 1030 453 1100 (tantum
484 1030 564 1104 apud
591 1048 639 1088 me
671 1031 796 1106 dignitas
828 1034 947 1105 potest),
976 1029 1000 1087 si
1033 1028 1140 1086 nullam

140 1136 343 1201 praeterquam
367 1127 440 1186 vitae
466 1138 582 1186 nostrae
606 1129 746 1188 iacturam
770 1129 831 1188 fieri
856 1128 1000 1187 viderem:
1030 1128 1083 1185 sed
1111 1127 1140 1186 in

140 1225 263 1282 consilio
292 1225 435 1300 capiendo
464 1244 584 1284 ornnem
609 1226 734 1286 Galliam
762 1228 961 1304 respiciamus,
986 1245 1076 1302 quam
1103 1227 1140 1283 ad
1157 1244 1187 1288 πρ

139 1331 273 1380 nostrum
302 1324 438 1382 auxilium
467 1327 684 1385 concitavimus.
727 1325 808 1397 Quid
841 1325 993 1384 hominum
1025 1325 1141 1386 milibus

140 1437 216 1478 cxxx
251 1425 312 1480 uno'
349 1422 416 1480 loco
455 1422 612 1482 interfectis
650 1426 822 1500 propinquis
857 1425 1140 1500 consanguineisque

140 1520 247 1577 nostris
266 1520 355 1577 animi
374 1519 436 1578 fore
454 1521 632 1593 existimatis,
651 1524 675 1581 si
694 1542 789 1599 paene
811 1524 842 1580 in
864 1523 934 1598 ipsis
953 1521 1140 1588 cadaveribus

139 1617 252 1691 proelio
287 1619 434 1677 decertare
470 1617 636 1696 cogentur?
674 1620 773 1680 Nolite
807 1621 863 1679 hos
901 1631 997 1679 vestro
1032 1619 1139 1679 auxilio

138 1715 311 1790 exspoliare,
351 1718 401 1794 qui
439 1729 551 1777 vestrae
590 1718 690 1778 salutis
728 1736 817 1777 causa
855 1737 941 1778 suum
979 1718 1139 1794 periculum
1157 1735 1184 1784 15

139 1814 338 1888 neglexerunt,
368 1835 423 1874 nec
455 1817 572 1876 stultitia
601 1837 643 1876 ac.
664 1819 822 1876 temeritate
852 1827 945 1876 vestra
972 1828 1022 1876 aut
1050 1817 1138 1874 animi

138 1912 334 1972 imbecillitate
369 1933 489 1974 omnem
529 1916 655 1975 Galliam
693 1927 877 1992 prosternere
915 1926 944 1975 et
981 1926 1138 1992 perpetuae

139 2011 266 2068 servituti
295 2013 435 2072 subicere.
478 2015 534 2086 An,
561 2015 642 2091 quod
671 2014 708 2073 ad
737 2016 814 2074 diem
839 2032 900 2072 non
928 2023 1076 2084 venerunt,
1101 2013 1139 2070 de

138 2125 242 2186 eorum
260 2110 318 2170 fide
338 2114 560 2190 constantiaque
582 2113 741 2172 dubitatis?
767 2113 847 2184 Quid
866 2113 958 2188 ergo?
983 2110 1138 2170 Romanos

138 2207 169 2264 in
203 2208 259 2268 illis
293 2210 475 2271 ulterioribus
510 2213 719 2271 munitionibus
754 2213 881 2271 animine
912 2230 1001 2271 causa
1032 2213 1138 2271 cotidie
1154 2227 1200 2274 ao.

138 2308 267 2366 exerceri
289 2311 415 2384 putatis?
438 2311 468 2369 Si
492 2312 606 2370 illorum
625 2313 733 2370 nuntiis
752 2312 918 2370 confirmari
935 2329 998 2370 non
1016 2295 1138 2387 potestis

52 2489 54 2494 Ι
138 2409 220 2465 omni
248 2409 327 2468 aditu
354 2421 520 2488 praesepto,
545 2411 590 2469 his
618 2412 731 2470 utimini
756 2412 876 2470 testibus
903 2412 1137 2488 appropinquare

137 2524 241 2564 eorum
255 2507 412 2566 adventum
420 2528 429 2581 ;
450 2509 532 2568 cuius
551 2510 592 2567 rei
606 2510 710 2568 timore
724 2510 850 2568 exterriti
870 2509 947 2568 diem
962 2521 1138 2584 noctemque

137 2605 169 2662 in
194 2623 284 2681 opere
308 2617 464 2666 versantur.
508 2607 589 2679 Quid
612 2626 683 2684 ergo
707 2609 766 2667 mei
791 2609 901 2668 consilii
926 2610 989 2668 esti
1021 2609 1137 2680 Facere,

137 2704 219 2780 quod
250 2707 342 2763 nostri
371 2706 497 2766 maiores
529 2725 715 2784 nequaquam
748 2708 810 2784 pari
840 2708 917 2767 bello
950 2708 1136 2767 Cimbrorum
1151 2723 1181 2781 25

137 2803 366 2881 Teutonumque
391 2805 536 2878 fecerunt;
566 2807 615 2883 qui
640 2808 671 2864 in
696 2807 805 2884 oppida
830 2808 972 2883 compulsi
993 2826 1027 2866 ac
1051 2807 1136 2866 simili

136 2902 238 2977 inopia
270 2903 381 2964 subacti
412 2922 515 2963 eorum
544 2907 724 2982 corporibus
754 2907 804 2984 qui
834 2917 926 2966 aetate
954 2907 992 2964 ad
1027 2906 1135 2964 bellum

136 3001 250 3059 inutiles
278 3002 464 3074 videbantun'
481 3004 570 3062 vitam
597 3005 791 3064 toleraverunt
818 3025 914 3083 neque
943 3024 974 3064 se
1002 3005 1136 3063 hostibus

136 3100 324 3160 tradiderunt.
367 3101 456 3162 Cuius
475 3104 516 3161 rei
536 3104 560 3161 si
580 3105 746 3180 exemplum
761 3124 822 3164 non
841 3105 1022 3174 haberemus,
1037 3113 1135 3160 tamen

135 3199 273 3260 libertatis
305 3217 393 3260 causa
426 3203 534 3260 institui
569 3213 597 3261 et
631 3205 755 3279 posteris
790 3205 875 3282 prodi
908 3203 1135 3280 pulcherrimum
1149 3216 1182 3264 39

135 3299 302 3370 iudicarem.
346 3298 425 3359 Nam
453 3301 524 3376 quid
552 3302 590 3359 illi
619 3303 711 3360 simile
738 3302 816 3361 bello
841 3304 913 3361 suit?
948 3299 1136 3378 Depopulata

135 3395 230 3456 Gallia
255 3397 368 3457 Cimbri
396 3416 562 3474 magnaque
590 3400 667 3458 illata
695 3401 857 3460 calamitate
882 3400 988 3457 finibus
1015 3398 1135 3474 quidem

134 3497 241 3556 nostris
265 3497 423 3573 aliquando
448 3510 635 3558 excesserunt
659 3509 747 3576 atque
770 3499 840 3558 alias
861 3507 950 3556 terras
975 3497 1135 3572 petierunt;
