2650 3918
197 200 270 264 2118
419 263 461 272 „
528 211 563 262 re.
588 209 892 266 roan-ersmers
1154 209 1200 260 vr.
1269 260 1318 270 ..

197 366 277 424 'odio
289 361 507 424 'Germanorum
521 363 690 424 innocentes
705 377 763 440 ‘pro
784 362 955 422 nocentibus
975 379 1087 439 poenas
1108 359 1202 438 pend-

208 474 275 536 ant;
302 464 325 524 si
347 461 470 540 amplius
495 463 631 522 obsidum
653 463 743 534 vellet,
763 462 832 520 dare
852 461 1033 537 pollicentur.
1075 460 1203 536 Cognita

208 561 316 621 Caesar
335 579 423 621 causa
434 563 546 638 reperit
556 562 594 619 ab
614 561 716 620 Suebis
729 561 835 619 auxilia
848 560 937 619 missa
956 579 1036 632 esse;
1058 559 1202 618 Ubiorum

199 660 434 719 'satisfactionem
461 661 574 736 accipit,
598 660 691 718 aditus
719 660 838 736 viasque
865 659 895 716 in
913 654 1032 716 'Suebos
1056 659 1201 734 perquirit.

162 761 256 820 3510.
278 759 396 818 Interim
416 760 519 836 paucis
542 769 608 835 post
630 759 731 818 diebus
754 757 785 815 fit
806 759 843 816 ab
864 757 947 816 Ubiis
966 757 1069 815 certior
1089 756 1202 816 Suebos

198 871 311 922 'omnes
334 860 364 917 in
388 877 478 917 unum
501 858 599 916 locum
620 857 720 932 copias
741 874 846 932 cogere
867 865 952 932 atque
973 857 1008 913 iis
1026 855 1201 924 nationibus,

200 975 282 1033 quae
298 958 351 1016 sub
366 972 467 1015 eorum
482 957 535 1014 sint
553 955 682 1030 irnperio,
698 954 874 1025 denuntiare,
888 964 920 1012 ut
935 954 1040 1017 auxilia
1058 955 1202 1030 peditatus

198 1056 407 1131 equitatusque
422 1054 542 1110 mittant.
587 1051 643 1110 His
657 1053 781 1128 cognitis
799 1053 886 1111 rebus
907 1069 968 1109 rem
987 1051 1204 1112 frumentariam

208 1151 347 1227 providet,
369 1151 469 1208 castris
490 1151 628 1208 idoneum
646 1149 747 1208 locum
769 1149 883 1225 deligit;
909 1149 992 1210 Ubiis
1018 1150 1148 1224 imperat,
1170 1160 1203 1206 ut

166 1277 196 1311 10
209 1267 315 1324 pecora
329 1248 475 1306 deducant
492 1265 601 1323 suaque
616 1248 715 1306 omnia
730 1266 765 1306 ex
780 1248 856 1322 agris
875 1248 905 1304 in
917 1247 1028 1323 oppida
1042 1247 1202 1318 conferant,

209 1365 328 1422 sperans
342 1348 480 1405 barbaros
494 1356 581 1423 atque
598 1347 745 1422 imperitos
759 1345 892 1404 homines
910 1347 1009 1422 inopia
1028 1347 1203 1404 cibariorum

200 1444 350 1516 adductos
371 1444 409 1502 ad
430 1445 557 1522 iniquam
577 1445 728 1520 pugnandi
749 1445 952 1528 condicionem
970 1463 1058 1521 posse
1080 1444 1202 1504 deduci:

195 1543 335 1612 mandat,
350 1552 381 1600 ut
395 1529 512 1601 crebros
531 1542 730 1620 exploratores
751 1543 780 1600 in
802 1542 914 1602 Suebos
934 1544 1048 1602 mittant
1069 1561 1203 1619 quaeque

208 1641 287 1716 apud
315 1658 366 1699 eos
395 1651 531 1715 gerantur
559 1651 747 1715 cognoscant.
799 1637 847 1698 Illi
870 1642 1010 1718 imperata
1037 1641 1147 1699 iaciunt
1174 1651 1203 1700 et

158 1763 195 1816 15
208 1739 308 1814 paucis
330 1739 439 1798 diebus'
452 1739 621 1797 intermissis
642 1739 786 1797 referunt·
816 1739 929 1799 Suebos
950 1758 1062 1811 omnes,
1084 1750 1203 1816 postea-

109 1895 114 1905 ,
179 1854 297 1914 quarn
312 1839 446 1894 certiores
466 1837 558 1894 nuntii
575 1836 611 1895 de
625 1839 752 1896 exercitu
766 1837 969 1898 Romanorum
982 1838 1119 1908 venerint,
1135 1855 1203 1896 cum

209 1936 344 1995 omnibus
367 1936 426 1994 suis
437 1937 652 2011 'sociorumque
675 1937 775 2011 copiis,
798 1955 869 2012 quas
890 1937 1064 2012 coegissent,
1086 1909 1221 2011 peditus)

198 2034 246 2094 ad
275 2044 418 2092 extremos
438 2021 519 2092 fines
548 2052 584 2094 se
611 2035 770 2110 recepisse·
799 2035 904 2093 silvam
933 2054 996 2094 esse
1024 2036 1063 2092 ibi
1091 2035 1204 2093 infinita
1249 2087 1270 2111 ,,

1316 1963 1318 2086 i

209 2133 416 2209 magthdme’
432 2150 507 2207 quae
527 2132 685 2207 appellatus
704 2132 843 2206 Bacenis,
865 2135 941 2192 hane
960 2134 1069 2210 longe
1062 2153 1092 2191 in
1093 2111 1203 2192 trorsus
1200 2106 1280 2136 Μ
1317 2193 1318 2200 ¹

167 2255 197 2290 ιο
209 2232 350 2307 pertinere
370 2239 398 2288 et
415 2249 469 2306 pro
491 2230 587 2288 nativo
601 2248 685 2288 muro
700 2232 849 2289 obiectam
864 2231 1032 2290 Cheruscos
1046 2233 1083 2289 ab
1099 2230 1203 2290 Suebis

211 2330 382 2405 Suebosque
396 2330 433 2386 ab
449 2311 602 2386 Cheruscis
617 2329 723 2388 iniuriis
744 2330 1013 2405 incursionibusque
1027 2330 1201 2406 prohibere.;

210 2427 248 2485 ad
275 2427 336 2485 eius
364 2427 474 2484 initium
503 2426 588 2484 silvae
610 2425 727 2484 Suebos
746 2427 902 2486 adventum
925 2427 1128 2488 Rornanorum
1152 2445 1204 2488 ex·

210 2535 340 2601 spectare
355 2525 545 2582 constituisse.

250 2629 291 2681 11.
315 2623 462 2695 Quoniam
482 2623 520 2680 ad
538 2546 733 2681 hunffi'oeum
750 2634 921 2700 perventum
935 2634 986 2696 est,
1002 2642 1063 2683 non
1077 2625 1204 2684 adienum

167 2740 195 2788 25
210 2739 273 2781 esse
304 2721 415 2779 videtur
445 2720 481 2779 de
514 2720 624 2780 Galliae
653 2721 887 2799 Germaniaeque
918 2724 1047 2782 moribus
1077 2734 1115 2794 et,
1144 2741 1203 2800 quo

211 2821 345 2878 differant
359 2819 414 2878 hae
427 2821 560 2878 nationes
574 2822 647 2879 inter
657 2840 733 2892 sese,
748 2839 918 2898 proponere.

250 2919 286 2976 In
315 2917 408 2977 Gallia
431 2936 492 2976 non
517 2920 611 2976 solum
635 2920 666 2977 in
693 2921 829 2978 omnibus
864 2922 1023 2982 civitatibus
1055 2933 1142 2996 atque
1172 2922 1205 2980 ιιι

210 3017 345 3076 omnibus
374 3017 458 3093 pagis
485 3017 679 3094 partibusque,
709 3017 761 3076 sed
788 3037 881 3093 paene
905 3020 996 3077 etiarn
1023 3021 1055 3078 in
1083 3020 1204 3096 singulis

210 3117 346 3176 domibus
361 3115 500 3174 factiones
520 3124 594 3185 sunt,
615 3133 771 3192 earumque
786 3115 944 3176 factionum
963 3119 1107 3194 principes
1127 3130 1204 3190 sunt,

167 3233 198 3280 30
210 3215 261 3291 qui
272 3232 419 3274 ,summam
433 3213 632 3271 auctoritatem
647 3231 748 3271 eorum
759 3214 865 3272 iudicio
880 3215 987 3274 habere
997 3217 1206 3288 existinantur,

211 3329 336 3389 quorum
360 3312 396 3370 ad
421 3311 567 3370 arbitrium
591 3311 787 3386 iudiciumque
813 3331 927 3372 summa
952 3316 1084 3374 omnium
1109 3335 1206 3374 rerum

210 3411 452 3486 consiliorumque
484 3409 591 3468 redeat.
634 3409 735 3486 Itaque
767 3411 828 3468 eius
859 3413 898 3470 rei
930 3431 1018 3470 causa
1049 3415 1207 3496 antiquitus

210 3505 370 3566 institutum
397 3507 515 3580 videtur,
543 3525 581 3566 ne
610 3509 675 3586 quis
703 3527 739 3566 ex
767 3507 851 3586 plebe
881 3520 982 3570 contra
1009 3514 1207 3587 potentiorem
