2650 3918
117 205 259 280 32-34.
356 202 401 249 nn
423 185 534 252 aaran
557 185 709 252 olttroo
732 189 844 253 coitu.
871 203 918 252 ru.
1051 189 1111 276 1⁶29

118 335 240 412 numero
272 353 310 412 ad
337 373 403 413 eam
433 335 592 432 regionem,
621 337 696 431 quae
724 337 762 414 ad
789 335 958 414 Aduatucos
990 346 1110 427 ¹adiacet,

116 451 353 527 depopulandam
377 452 479 526 mittit,
516 453 578 528 ipse
602 435 670 511 curn
694 453 809 530 reliquis
829 453 919 511 tribus
943 439 980 512 ad
1001 453 1111 512 flumen

117 549 252 622 Scaldim,
277 551 358 627 quod
386 551 478 610 influit
502 553 532 609 in
557 551 684 623 Mosam,
709 552 910 628 extremasque
935 551 1111 611 Arduennae

115 649 204 725 partis
229 650 269 707 ire
294 649 448 719 constituit,
475 633 533 726 quo
560 653 627 708 cuin
651 650 751 726 paucis
776 650 918 726 equitibus
947 650 1111 726 profectum

116 747 319 822 Ambiorigem
354 747 495 807 audiebat.
538 747 700 806 Discedens
735 759 803 824 post
840 748 917 807 diem
956 749 1110 825 septimum
1124 742 1143 823 5'

115 864 180 904 sese
202 861 383 905 reversurum
399 831 567 917 confirmat3
592 863 680 921 quam
700 845 737 904 a'd
757 846 833 904 diem
853 846 880 903 ei
898 846 1014 922 legioni,
1035 865 1110 923 quae

72 973 74 977 ·
115 946 145 1002 in
166 945 311 1020 praesidio
327 928 548 1021 relinquebatur,
564 943 661 1002 deberi
675 933 851 1002 frumentum
873 945 990 1004 sciebat.
1033 945 1111 1004 Lab·

115 1045 215 1102 ienum
250 1043 488 1119 Treboniumque
523 1041 660 1112 hortatur,
690 1043 713 1100 si
748 1027 922 1119 reipublicae
951 1045 1111 1103 commodo

114 1141 210 1202 lacere
235 1143 355 1218 possint,
381 1143 420 1201 ad
444 1157 512 1200 eum
536 1141 613 1199 diem
638 1145 823 1210 revertantur,
849 1153 880 1200 ut
907 1162 1004 1203 rursus
1022 1161 1117 1226 ¹com·¹

115 1241 264 1300 municato
293 1241 415 1300 consilio
442 1240 657 1316 exploratisque
689 1239 815 1298 hostiurn
847 1241 1005 1300 rationibus
1033 1239 1110 1300 aliud
1126 1265 1156 1300 10

115 1339 227 1397 initium
255 1340 322 1399 belli
350 1358 452 1416 capere
480 1340 601 1415 possint.
643 1343 704 1396 34.
717 1337 794 1408 Erat,
820 1347 851 1395 ut
879 1341 967 1414 su'pra
990 1337 1110 1398 demon·

115 1437 278 1510 stravimus,
303 1455 407 1496 manus
434 1447 512 1496 certa
540 1436 626 1507 nulla,
650 1454 712 1494 non
740 1431 890 1512 oppidum,
915 1435 977 1496 nori
1004 1441 1110 1514 praesi-

116 1537 206 1607 dium;
217 1537 301 1612 ¹quod
315 1556 346 1596 se
361 1538 447 1594 armis
461 1535 637 1606 defenderet,
653 1535 705 1592 sed
724 1535 754 1592 in
768 1536 865 1593 omnis
880 1519 968 1612 partis
982 1537 1111 1612 dispersa

115 1636 277 1694 multitudo.
320 1617 379 1694 Ubi
398 1635 502 1710 cuique
521 1644 570 1692 aut
588 1633 674 1692 valles
690 1632 791 1691 'abdita
810 1636 858 1692 aut
874 1633 956 1693 locus
975 1636 1110 1696 silvestris

116 1745 166 1793 aut
199 1734 283 1811 palus
318 1734 456 1809 impedita
488 1751 570 1808 spem
604 1731 738 1809 praesidii
770 1741 818 1790 aut
853 1732 950 1792 salutis
984 1734 1109 1815 aliquam
1125 1755 1153 1803 15

115 1834 265 1904 offerebat,
282 1831 467 1891 consederat.
511 1830 595 1888 Haec
621 1829 686 1887 loca
713 1829 904 1888 vicinitatibus
927 1840 1008 1889 erant
1030 1842 1109 1905 nota,

115 1949 311 2008 magnamque
345 1949 391 1988 res
426 1929 603 2012 diligentiam
637 1928 800 2004 requirebat
833 1946 893 1986 non
924 1927 959 1986 'in
995 1948 1109 1990 summa

115 2030 257 2089 exercitus
278 2029 387 2088 tuenda
410 2024 532 2102 (nullum
553 2026 631 2085 enim
651 2035 765 2100 poterat
785 2026 923 2085 universis
944 2028 981 2085 ab
1000 2039 1108 2104 perter-

114 2130 174 2188 ritis
190 2147 224 2186 ae
239 2128 375 2204 dispersis
389 2117 549 2205 periculum
563 2125 715 2197 accidere),
731 2123 782 2182 sed
796 2125 825 2181 in
839 2124 958 2200 singulis
972 2126 1067 2185 militit
1074 2145 1110 2190 us

115 2211 341 2297 conservandis;
362 2244 437 2301 quae
455 2235 552 2283 tamen
565 2241 602 2281 ex
619 2231 700 2299 parte
718 2241 763 2280 res
777 2223 815 2281 ad
830 2223 950 2281 salutem
965 2219 1110 2308 exercitus
1122 2244 1161 2282 αα

114 2327 284 2404 pertinebat.
327 2325 405 2383 Nam
419 2333 448 2382 et
462 2322 587 2400 praedae
607 2309 748 2398 cupiditas
763 2322 870 2380 multos
890 2322 1005 2399 longius
1022 2343 1109 2385 evoe·

114 2426 190 2497 abat,
208 2434 247 2482 et·
258 2425 345 2483 silvae
361 2422 476 2481 incertis
499 2420 677 2496 occultisque
695 2408 844 2479 itineribus
865 2421 1012 2481 confertos
1030 2425 1109 2485 adire

114 2523 315 2600 prohibebant.
358 2521 388 2580 Si
422 2520 572 2597 negotium
606 2518 711 2577 confici
747 2518 922 2596 stirpemque
956 2521 1118 2583 hominum

114 2622 319 2682 sceleratorum
343 2619 464 2678 interfici
488 2618 580 2689 vellet,
606 2617 791 2676 dimittendae
815 2618 912 2693 plures
936 2617 1040 2680 manus
1054 2619 1108 2683 'di-

114 2705 297 2796 ducendique
319 2728 399 2778 erant
420 2718 540 2790 milites;
569 2716 761 2776 sicontinere
780 2716 818 2775 ad
839 2717 922 2792 signa
942 2719 1153 2797 manipulos'a5

113 2819 206 2891 vellet,
235 2827 266 2876 ut
292 2819 420 2876 instituta
446 2816 518 2874 ratio
545 2824 575 2874 et
602 2813 782 2873 consuetudo
811 2816 951 2874 exercitus
980 2818 1109 2878 Romani

112 2917 286 2996 postulabat,
314 2917 397 2976 locus
428 2916 491 2992 ipse
519 2922 579 2972 erat
609 2912 754 2989 praesidio
782 2913 918 2984 barbaris,
947 2933 1042 2993 neque
1071 2911 1118 2978 ex*

112 3018 229 3076 occulto
244 2999 399 3074 insidiandi
416 3024 444 3072 et
461 3014 607 3090 dispersos
621 3003 863 3068 circumveniendi
877 3011 995 3088 singulis
1010 3014 1108 3074 deerat

112 3110 249 3174 audacia.¹
287 3113 328 3172 Ut
346 3115 377 3170 in
395 3111 538 3171 eiusmodi
556 3108 780 3180 difficultatibus,
800 3119 941 3187 quantum
961 3113 1107 3188 diligentia

111 3213 257 3290 provideri
271 3221 391 3287 poterat,
408 3210 619 3286 providebatur,
635 3219 666 3266 ut
685 3208 781 3284 potius
801 3209 831 3267 in
845 3209 981 3268 nocendo
1000 3211 1152 3287 aliquid-30

111 3311 392 3388 praetermitteretur,
413 3310 465 3368 etsi
485 3308 616 3366 omnium
639 3307 727 3365 animi
749 3293 791 3365 ad*
806 3308 1004 3368 ulciscendum
1025 3311 1107 3368 arde-

111 3411 191 3479 bant,
228 3425 316 3484 quam
351 3425 417 3464 cum
452 3405 550 3483 aliquo
584 3405 706 3463 militum
741 3388 923 3463 detrimento
947 3403 1105 3468 noceretur.

111 3506 239 3572 Dimittit
274 3504 312 3562 ad
345 3505 480 3562 finitimas
514 3503 641 3564 civitates
680 3490 812 3562 nuntios
834 3502 959 3562 Caesar:
1002 3508 1117 3568 omnes*

600 3619 623 3662 x
