2650 3918
128 190 264 275 152-18.
345 205 391 252 nn
412 206 522 254 sarno
540 204 830 254 ‘onrrrooooirm
857 205 918 254 νη.
1064 207 1121 278 r43

125 353 291 426 fierivellet,
307 354 475 430 imperabat.
519 357 759 416 Omnisnostras
769 356 969 432 pabulationes
984 355 1122 414 frument-

125 452 299 528 ationesque·
315 455 485 512 observabat
505 455 716 532 dispersosque,
736 473 807 514 cum·
822 455 936 530 longius
957 455 1121 513 necessario

125 551 323 627 procederent,
348 553 530 612 adoriebatur
558 572 725 630 magnoque
753 552 942 611 incommodo
971 552 1121 623 afficiebat,

126 649 189 720 etsi,
205 658 360 725 quantum
390 651 500 709 ratione
531 651 682 727 provideri}
705 660 827 727 poterat,
862 651 910 708 ab
933 651 1048 709 nostris
1073 669 1123 709 oc-

127 749 302 819 currebatur,
332 757 364 805 ut
397 748 514 807 incertis
549 751 728 826 temporibus
764 749 940 825 diversisque
975 749 1151 822 itineribus5

126 847 222 906 iretur.

139 1004 142 1010 ,
168 950 214 1004 17.
237 943 351 1008 Castris
368 945 406 1004 ad
428 964 494 1004 eam
514 956 637 1025 partem*
653 946 754 1022 oppidi
778 946 880 1022 positis
905 944 1020 1016 Caesar,
1046 961 1129 1021 quae

127 1043 291 1110 intermissa
305 1059 323 1100 a
336 1042 455 1101 flumine
470 1045 697 1120 et-apaludibus
711 1046 830 1114 aditum,
842 1054 873 1102 ut
888 1063 975 1120 supra
989 1044 1122 1115 diximus,

129 1151 286 1216 angustum
306 1141 439 1213 habebat,
461 1161 597 1218 aggerem
618 1161 766 1220 apparare,
785 1143 896 1201 vineas
912 1161 1006 1218 agere,
1032 1152 1124 1200 turres

130 1239 203 1296 duas
221 1240 395 1297 constituere
414 1242 525 1316 coepit:
547 1259 616 1302 nam
636 1242 847 1300 circumvallare
866 1241 924 1299 loci
941 1251 1042 1298 natura
1056 1257 1125 1316 pro·
1141 1269 1172 1305 10·

129 1338 253 1397 bibebat.
297 1337 343 1396 De
364 1357 395 1396 re
415 1333 601 1398 frumentaria
619 1340 710 1400 Boios
731 1351 817 1418 atque
839 1339 958 1398 Aeduos
980 1339 1125 1398 adhortari

131 1455 192 1502 non
212 1437 332 1496 destitit:
353 1455 479 1512 quorum
498 1439 585 1510 alteri,
601 1440 681 1515 quod
700 1440 778 1497 nullo
799 1439 893 1497 studio
912 1439 1045 1514 agebant,
1063 1457 1125 1498 non

130 1537 263 1602 multum
278 1535 461 1607 adiuvabant,
488 1537 568 1595 alteri
592 1556 655 1596 non
682 1539 797 1612 magnis
825 1537 1017 1608 facultatibus,
1046 1537 1135 1614 quod¹

131 1635 229 1692 civitas
244 1644 304 1699 crat
315 1635 421 1709 exigua
436 1645 463 1692 et
484 1634 606 1707 infirma,
621 1637 757 1706 celeriter,
773 1635 1038 1712 quodhabuerunt,
1056 1654 1126 1695 con·
1198 1631 1200 1638 ’

131 1742 323 1809 sumpserunt.
367 1731 499 1790 Summa¹
522 1733 697 1792 difficultate·
720 1735 761 1792 rei
792 1732 993 1792 frumentariae
1022 1734 1127 1793 affecto
1142 1759 1171 1810 15

130 1821 257 1890 exercitu
276 1830 413 1889 tenuitate
432 1830 579 1902 Boiorum,
597 1833 778 1908 indiligentia
792 1833 970 1902 Aeduorum,
985 1832 1127 1891 incendiis

131 1929 336 1998 aedificiorum,
358 1947 451 2004 usque
473 1948 509 1988 eo
530 1941 561 1988 ut
584 1932 758 2007 complures·
773 1931 834 1990 dies
857 1931 1127 1989 frumentomilites

131 2029 275 2088 caruerint
291 2038 320 2086 et
341 2045 446 2104 pecore
469 2029 773 2105 exlonginquioribus
786 2030 858 2087 vicis
877 2028 981 2088 adacto
1003 2039 1137 2087 extrem--

132 2127 309 2194 antefamem
331 2136 530 2199 sustentarent,
552 2129 749 2187 nullatamen
770 2146 826 2186 vox
849 2136 893 2186 est
914 2129 951 2186 ab
971 2128 1005 2186 iis
1017 2175 1018 2178 η
1031 2127 1139 2185 audita'

132 2227 243 2304 populis
258 2225 388 2288 Romani
411 2228 570 2286 maiestate,
583 2237 611 2285 et
633 2227 828 2303 superioribus
850 2225 975 2283 victoriis
998 2225 1125 2300 indigna.
1143 2255 1174 2291 20

133 2325 316 2399 Quinetiam
331 2323 439 2384 Caesar
456 2345 523 2385 cum
537 2327 567 2384 in
581 2344 669 2402 opere
683 2325 811 2402 singulas
825 2324 955 2400 legiones
973 2323 1129 2400 appellaret

133 2435 170 2496 et,
197 2425 221 2482 si
246 2424 377 2482 acerbius
401 2423 540 2500 inopiam·
555 2423 668 2494 ferrent,
681 2443 722 2482 ,se
749 2423 935 2482 dimissurum
963 2431 1129 2497 oppugnat-

132 2525 232 2585 ionem
260 2523 377 2594 diceret,
404 2523 530 2581 universi
559 2525 595 2581 ab
627 2541 672 2594 eo,
700 2541 738 2580 ne
769 2521 807 2579 id·
829 2521 946 2591 faceret,
973 2522 1126 2596 petebant:

133 2624 176 2682 sic
215 2639 260 2680 se·
286 2621 465 2697 complures
487 2639 589 2680 annos
620 2622 669 2680 illo
708 2622 882 2697 imperante-
908 2620 1056 2689 meruisse,
1097 2629 1130 2676 ut

133 2720 243 2780 nnllam
265 2721 456 2796 ignominiam
477 2721 648 2796 acciperent,
667 2738 812 2796 nusquam
833 2718 940 2778 infecta
961 2737 991 2776 re
1013 2718 1128 2778 disced·
1144 2747 1173 2796 25

134 2828 232 2882 erent:
268 2818 325 2876 boc
350 2837 394 2877 se·
411 2819 586 2894 ignominiae
614 2820 823 2890 laturoslocO,
849 2821 873 2876 si
900 2821 1046 2895 inceptam
1075 2835 1139 2894 op-·

134 2915 345 2994 pugnationem
373 2917 570 2992 reliquissent:
598 2927 743 2993 praestare
772 2935 875 2976 omnes
898 2916 1025 2993 perferre
1050 2934 1129 2974 acer-

134 3016 248 3085 bitates
271 3031 360 3088 quam
387 3031 448 3072 non
476 3003 584 3073 civibus
612 3015 763 3086 Romanis,
792 3016 841 3093 qui
870 3014 982 3073 Cenabi
1009 3013 1129 3089 perfidia

135 3113 285 3174 Gallorum
305 3113 477 3183 interissent,
492 3117 684 3189 parentarent.
728 3113 935 3172 Haeceadem
957 3111 1129 3170 centurioni-

134 3213 190 3277 bus
200 3211 383 3288 tribunisque
402 3211 524 3270 militum
538 3212 723 3282 mandabant,
738 3221 842 3287 utper
856 3229 907 3270 eos
921 3212 958 3269 ad
973 3210 1129 3268 Caesarem
1144 3233 1175 3282 ³0

136 3310 331 3374 deferrentur,
363 3316 419 3370 18.-
433 3310 509 3369 Cum
531 3312 589 3369 iarn
610 3328 694 3368 muro
719 3321 809 3369 turres
824 3309 1129 3388 appropinquassent,

136 3429 183 3468 ex,
201 3409 322 3485 captivis
351 3407 460 3468 Caesar
492 3409 629 3484 cognovit
643 3408 926 3484 -Vercingetorigem
954 3416 1129 3480 consumpto

136 3507 501 3584 pabulocastramovisse
523 3509 649 3585 propius:
663 3507 926 3582 Avaricumatque
945 3506 1041 3580 ipsum
1062 3521 1132 3564 curn
