2630 3916
460 697 495 763 C.
528 695 651 761 IULII
685 691 926 761 CAESARIS

266 926 366 1013 DE
439 926 698 1010 BELLO
767 923 1117 1010 GALLICO

442 1195 743 1248 COMMENTARIUS
774 1195 946 1246 TERTIUS·

485 1457 557 1518 B.C.
582 1459 630 1532 56.
671 1456 782 1518 A.U.C.
806 1459 875 1533 698.

267 1658 349 1708 Naval
360 1658 421 1708 War
431 1659 457 1707 in
467 1659 597 1723 Bretagne.
632 1656 772 1723 Campaign
783 1657 813 1706 of
821 1655 924 1707 Crassus
934 1650 960 1705 in
972 1655 1114 1720 Aquitania.

235 1831 261 1890 1.
283 1828 357 1888 Cuu
371 1828 402 1886 in
416 1827 529 1886 Italiam
543 1827 776 1904 proficisceretur
790 1821 907 1897 Caesar,
919 1823 1049 1884 Servium
1064 1823 1192 1884 Galbam

195 1946 262 1989 cum
282 1927 397 2004 legione
421 1941 467 1985 xrr
488 1937 517 1986 et
540 1937 622 2006 parte
643 1927 786 2002 equitatus
814 1926 845 1984 in
866 1923 1022 1983 Nantuatis
1043 1924 1192 1998 Veragros

196 2027 389 2101 Sedunosque
420 2024 507 2098 misit,
541 2027 591 2101 qui
623 2026 661 2083 ab
693 2025 799 2083 finibus
835 2022 1030 2098 Allobrogum
1063 2031 1093 2080 et
1126 2021 1193 2080 lacu

196 2125 350 2185 Lemanno
370 2134 400 2183 et
417 2123 536 2182 flumine
554 2121 760 2209 Rhodanowad
779 2111 916 2180 summas
927 2121 1018 2198 Alpes
1037 2121 1192 2196 pertinent.

169 2224 295 2298 5Causa
316 2223 450 2282 mittendi
470 2222 532 2294 fuit,
551 2221 632 2299 quod
653 2203 779 2298 iter’per
795 2221 895 2296 Alpes,
917 2209 1107 2296 quo²magno
1125 2233 1194 2277 cum

196 2322 325 2399 periculo
339 2321 512 2397 magnisque
526 2339 594 2379 cum
629 2321 742 2379 ortoriis
756 2329 933 2382 mercatores
952 2319 992 2377 ire
1008 2326 1193 2390 consuerant,

196 2419 325 2496 patefieri
344 2419 467 2477 volebat.
510 2417 590 2476 Huic
609 2419 747 2494 permisit,
769 2418 793 2476 si
814 2435 890 2493 opus
910 2435 975 2475 esse
998 2417 1192 2506 arbitraretur,

197 2517 239 2577 uti
257 2517 287 2575 in
304 2516 350 2574 his
368 2516 440 2575 locis
458 2515 606 2606 legionem
625 2516 773 2574 hiemandi
786 2535 875 2575 causa
891 2493 1061 2575 collocaret?
1097 2513 1196 2574 Galba
1230 2553 1233 2558 -

199 2615 335 2674 secundis
349 2615 459 2690 aliquot
467 2584 586 2689 proeliih
595 2613 676 2671 factis
688 2613 870 2690 castellisque
882 2613 1080 2690 compluribus
1090 2630 1195 2671 eorum
1307 2595 1308 2602 ἵ

157 2743 186 2778 10
199 2714 373 2792 expugnatis
387 2711 482 2770 missis
497 2711 534 2770 ad
548 2731 617 2770 eum
630 2712 759 2788 undique
779 2712 881 2788 legatis
897 2712 1105 2789 obsidibusque
1120 2711 1195 2770 datis
1307 2763 1308 2812 ἰ

199 2826 228 2873 et
258 2832 332 2890 pace
366 2811 443 2871 facta
478 2811 625 2869 constituit
659 2810 794 2870 cohortes
829 2812 901 2870 duas
936 2810 966 2868 in
999 2809 1195 2870 Nantuatibus

200 2911 344 2971 collocare
359 2919 388 2969 et
400 2911 463 2986 ipse
478 2927 546 2968 cum
560 2908 677 2984 reliquis
692 2910 753 2969 eius
767 2910 891 2986 legionis
906 2910 1073 2970 cohortibus
1087 2910 1117 2966 in
1130 2907 1196 2965 vico

200 3009 407 3086 Veragrorum,
427 3008 476 3084 qui
496 3007 655 3084 appellatur
674 3006 851 3081 Octodurus,
871 3009 1018 3081 hiemare;
1047 3007 1096 3083 qui
1115 3006 1198 3064 vicus
1307 3015 1308 3026 ³

200 3109 313 3186 positus
347 3108 376 3165 in
410 3107 482 3164 valle
512 3124 574 3164 non
607 3125 716 3182 magna
750 3109 863 3167 adiecta
897 3107 1021 3184 planicie
1052 3104 1198 3165 altissimis

160 3237 187 3286 1⁵
201 3207 350 3266 montibus
384 3206 512 3281 undique
540 3207 711 3264 continetur.
754 3204 830 3266 Cum
862 3206 909 3264 hic
937 3206 967 3263 in
995 3205 1067 3263 duas
1100 3212 1200 3280 partes

201 3305 321 3363 flumine
349 3304 528 3375 divideretur,
557 3281 698 3363 alteram*
708 3315 821 3380 partem
849 3305 910 3364 eius
940 3303 994 3362 vici
1023 3301 1115 3362 Gallis
1148 3301 1200 3377 [ad
1307 3355 1308 3358 ,

202 3402 401 3476 hiemandum]
437 3402 590 3473 concessit,
624 3403 743 3462 alteram
769 3421 892 3462 vacuam
924 3403 962 3460 ab
988 3402 1034 3460 his
1067 3401 1200 3460 relictam

205 3499 370 3562 cohortibus
385 3501 520 3562 attribuit.
562 3509 590 3562 2.
613 3501 690 3561 Eum
703 3501 802 3562 locum
815 3503 890 3563 vallo
908 3501 1047 3578 fossaque
1068 3500 1201 3560 munivit.
1267 3547 1282 3574 ,
