2630 3916
199 154 252 220 '28
504 165 854 222 ·o.romrorasan1s
1133 187 1136 190 -
1178 173 1201 216 1.

209 319 240 379 id
254 337 288 378 se·
299 321 336 378 ab
350 320 421 396 ipsis
435 339 487 397 per
501 338 603 380 eorum
616 322 733 382 nuntios
748 327 928 396 compertum
945 317 1060 390 habere,
1076 335 1201 393 quorum

211 419 344 476 omnium
359 419 481 494 gratiam
495 429 580 497 atque
592 421 746 479 amicitiam
760 420 822 477 eius
832 425 925 476 morte
939 416 1078 475 redimere
1092 426 1200 493 posset.

209 515 324 588 Quodsi
344 518 523 576 discessisset
537 527 566 576 et
579 518 699 577 liberam
718 517 934 594 possessionem
948 513 1057 574 Galliae
1077 515 1131 573 sibi
1144 524 1201 575 tra·

208 614 335 686 didisset,
357 633 466 692 magno
487 634 518 674 se
538 617 619 674 illum
639 616 769 692 praemio
790 609 1037 684 'remuneraturum
1057 623 1086 671 et
1113 631 1202 689 quae·

180 710 332 788 5'cumque
355 713 431 772 bella
453 714 514 790 geri
536 714 626 786 vellet,
650 715 711 773 sine
733 713 792 772 ullo
813 713 875 772 eius
897 677 1067 822 lassiffiqet,
1109 711 1200 804 ripule

207 810 414 872 confecturum
444 811 635 914 '45ffilylulta
661 812 699 870 ab
726 812 851 871 Caesare
878 810 908 868 in
936 773 1001 868 eidi
1021 729 1200 869 ‘deffintiam

207 909 284 968 dicta
298 919 373 981 sunt,
385 927 474 987 quare
489 885 608 986 negotio
620 911 758 970 desistere
772 927 834 968 non
847 893 955 985 posset,
966 917 993 967 et
1007 926 1103 984 neque
1117 925 1200 969 suem

206 1025 302 1084 neque
317 1008 417 1084 populi
433 1007 560 1067 Romani
575 1009 814 1069 consuetudinem
827 1007 896 1084 pati,
908 1007 948 1065 uti
963 1006 1071 1083 optime
1086 1024 1200 1066 meren-

197 1114 250 1165 ·tes
269 1107 368 1165 socios
387 1107 540 1178 desereret,
557 1125 653 1185 neque
673 1125 704 1166 se
724 1107 859 1178 iudicare,
875 1104 998 1164 Galliam
1018 1107 1114 1181 potius
1134 1099 1200 1164 esse

163 1224 193 1260 ιο
205 1189 340 1263 Ariovisti
354 1221 443 1280 quam
458 1205 558 1282 populi
572 1205 708 1264 Romani.
751 1203 833 1264 Bello
853 1213 1002 1280 superatos
1017 1221 1081 1262 esse
1095 1204 1199 1262 Arver-

206 1319 261 1360 nos
293 1312 321 1361 et
349 1302 482 1367 Rutenos
514 1303 551 1362 ab
579 1301 617 1375 Q.
649 1302 742 1362 Fabio
772 1301 913 1374 lllaximo,
939 1303 1043 1389 quibuq
1073 1300 1199 1406 pqpulus

206 1400 358 1459 Romanus
377 1371 541 1478 igndiissei
554 1420 649 1478 neque
673 1401 705 1458 in
724 1400 902 1476 provinciam
922 1363 1090 1476 reddgi'siei'
1104 1375 1199 1475 neque

206 1498 381 1575 stipendium
391 1500 584 1575 imposuisset.
615 1493 729 1572 Quodsi
741 1500 970 1575 antiquissimum
979 1499 1116 1576 quodque
1126 1508 1198 1556 tem-

205 1615 260 1673 pus
281 1597 403 1674 spectari
424 1607 578 1676 oporteret,
600 1598 700 1675 populi
721 1597 849 1656 Romani
869 1597 1056 1655 iustissimum
1080 1614 1145 1655 esse
1167 1598 1198 1656 in

162 1713 190 1764 15
207 1693 300 1754 Gallia
324 1691 494 1772 imperium;
522 1698 547 1756 si
574 1697 711 1756 iudicium
733 1704 852 1771 senatus
876 1693 1020 1752 observari
1041 1703 1198 1769 oporteret,

204 1793 325 1852 liberam
345 1794 449 1854 debere
468 1813 532 1854 esse
552 1788 878 1893 Galliam‚[quam2bello
893 1777 1000 1884 victer}
1012 1791 1070 1850 suis
1083 1792 1199 1866 legibus
1308 1869 1309 1874 η

189 1869 405 1978 ,“υῐὶ)ὒο]ιιίεεεῖ.
447 1898 500 1952 46.
521 1891 602 1952 Dum
620 1893 693 1952 haec
712 1893 743 1951 in
759 1889 904 1967 colloquio
917 1899 1062 1966 geruntur,
1078 1888 1198 1949 Caesari

193 1986 366 2048 nuntiatum
380 2000 432 2063 est,
448 1991 558 2068 equites
572 1991 706 2050 Ariovisti
723 1991 842 2067 propius
861 1973 1003 2047 tumidum
1016 1989 1154 2047 accedere
1168 1999 1199 2048 et

205 2088 243 2147 ad
264 2098 380 2147 nostros
401 2089 575 2164 adequitare,
596 2089 708 2165 lapides
728 2088 842 2164 telaque
862 2087 893 2145 in
914 2096 1029 2146 nostros
1053 2083 1196 2146 conicere.

160 2210 192 2243 ro
205 2185 314 2244 Caesar
334 2186 472 2262 loquendi
493 2185 582 2244 finem
597 2186 672 2285 pacit
692 2205 781 2264 seque
803 2185 840 2246 ad
861 2203 930 2257 suos
950 2185 1058 2261 recepit
1080 2186 1198 2261 suisque

205 2281 361 2355 imperavit,
376 2299 413 2339 ne
435 2281 514 2356 quod
529 2251 649 2340 ouini&
667 2284 757 2341 telum
771 2283 802 2340 in
815 2283 915 2342 hostes
929 2257 1092 2342 reicerent.z
1118 2282 1205 2362 Nam,

205 2377 258 2436 etsi
271 2377 333 2435 sine
347 2377 405 2434 ullo
417 2378 545 2453 periculo
556 2377 680 2454 legionis
695 2365 908 2439 delectae'cum
919 2381 1045 2457 equitatu
1055 2380 1198 2456 proelium
1209 2379 1216 2442 l

204 2474 265 2533 fore
286 2474 408 2546 videbat,
429 2483 527 2532 tamen
549 2477 794 2535 committendum
818 2465 880 2536 non
899 2480 1028 2554 putabat,
1049 2487 1081 2537 ut
1095 2479 1198 2558 (pulsis

203 2533 406 2668 hostibuqdici
419 2582 520 2649 posset
538 2591 590 2664 eos
605 2575 642 2632 ab
657 2591 688 2632 se
703 2574 857 2650 perfidem
871 2577 901 2634 in
916 2577 1061 2653 colloquio
1076 2579 1199 2637 circum-

160 2695 172 2728 2
177 2695 190 2744 5
203 2682 312 2731 ventos.
355 2653 548 2748 Posteaquam
563 2657 593 2729 ii
606 2672 708 2748 volgus
723 2672 845 2759 militum
860 2673 968 2732 elatum
981 2684 1032 2746 est,
1048 2693 1106 2752 qua
1119 2695 1198 2736 arro·

203 2761 312 2844 gantia'
324 2769 354 2826 in
382 2768 527 2845 colloquio
546 2761 713 2848 ultiouistus
735 2778 815 2836 usust
829 2773 909 2831 omni
934 2772 1027 2832 Gallia
1055 2774 1198 2835 Romanis

183 2863 193 2908 t
202 2855 410 2938 interdixisset)
428 2867 625 2944 impetumque
647 2869 679 2926 in
700 2879 816 2953 nostros
839 2871 902 2930 eius
922 2852 1198 2948 eqmtes'afeeissent,

204 2982 296 3039 eaque
323 2983 369 3023 res
390 2965 567 3040 colloquium
588 2974 620 3025 ut
637 2939 1047 3054 (dlieffii‘s‘ile‘ilmutoimaioi
1066 2972 1198 3033 alacritas

203 3061 386 3137 studiumque
400 3065 549 3138 pugnandi
563 3066 656 3124 maius
670 3066 806 3124 exercitui
820 3067 956 3126 iniectum
970 3077 1021 3126 est.

159 3177 190 3225 30
244 3164 296 3219 47.
324 3157 427 3219 Biduo'
447 3172 515 3238 post
538 3163 699 3222 Ariovistus
723 3163 939 3225 adCaesarem
961 3165 1071 3242 legatos
1093 3167 1198 3228 mittit:

205 3255 289 3314 Velle
317 3274 348 3314 se
376 3257 413 3315 de
439 3258 484 3317 his
511 3261 607 3333 rebus,
628 3281 703 3340 quae
725 3264 798 3321 inter
819 3281 870 3323 eos
891 3265 939 3340 agi
959 3241 1199 3343 coeptae²neque

161 3359 165 3365 ⁴
207 3353 350 3426 perfectae
371 3366 476 3427 essent,
498 3375 585 3435 agere
610 3379 677 3420 curn
701 3380 756 3421 eo:
784 3363 826 3422 uti
847 3373 895 3421 aut
919 3363 1021 3422 iterum
1049 3364 1199 3442 colloquio
1297 3387 1302 3396 ·

191 3449 282 3506 diem
310 3455 495 3515 constitueret
523 3467 580 3530 aut,
603 3459 627 3519 si
647 3461 678 3520 id
705 3461 914 3536 minusvellet,
936 3481 952 3522 e
980 3463 1039 3523 suis
1068 3463 1196 3540 [legatis]
