<?xml version="1.0" encoding="UTF-8"?>
<!DOCTYPE html PUBLIC "-//W3C//DTD XHTML 1.0 Transitional//EN"
    "http://www.w3.org/TR/xhtml1/DTD/xhtml1-transitional.dtd">
<html xmlns="http://www.w3.org/1999/xhtml" xml:lang="en" lang="en">
 <head>
  <title>
</title>
<meta http-equiv="Content-Type" content="text/html;charset=utf-8" />
  <meta name='ocr-system' content='tesseract 3.04.00' />
  <meta name='ocr-capabilities' content='ocr_page ocr_carea ocr_par ocr_line ocrx_word'/>
</head>
<body>
  <div class='ocr_page' id='page_1' title='image "./commentariescju00hirtgoog_0151.png"; bbox 0 0 2650 3918; ppageno 0'>
   <div class='ocr_carea' id='block_1_1' title="bbox 202 193 1189 282">
    <p class='ocr_par' dir='ltr' id='par_1_1' title="bbox 202 193 1189 282">
     <span class='ocr_line' id='line_1_1' title="bbox 202 193 1189 282; baseline -0.028 -16"><span class='ocrx_word' id='word_1_1' title='bbox 202 219 264 282; x_wconf 88' lang='lat'>114</span> <span class='ocrx_word' id='word_1_2' title='bbox 526 211 554 260; x_wconf 77' lang='lat'>0.</span> <span class='ocrx_word' id='word_1_3' title='bbox 579 208 671 258; x_wconf 89' lang='lat' dir='ltr'><em>IULII</em></span> <span class='ocrx_word' id='word_1_4' title='bbox 692 203 863 254; x_wconf 78' lang='lat' dir='ltr'><strong><em>CAESARIS</em></strong></span> <span class='ocrx_word' id='word_1_5' title='bbox 1145 193 1189 239; x_wconf 88' lang='lat' dir='ltr'>Vl.</span> 
     </span>
    </p>
   </div>
   <div class='ocr_carea' id='block_1_2' title="bbox 81 345 1322 3504">
    <p class='ocr_par' dir='ltr' id='par_1_2' title="bbox 81 345 1322 3480">
     <span class='ocr_line' id='line_1_2' title="bbox 201 345 1192 437; baseline -0.023 -14"><span class='ocrx_word' id='word_1_6' title='bbox 201 364 350 424; x_wconf 84' lang='lat' dir='ltr'>sollicitare</span> <span class='ocrx_word' id='word_1_7' title='bbox 379 371 408 420; x_wconf 87' lang='lat' dir='ltr'>et</span> <span class='ocrx_word' id='word_1_8' title='bbox 434 359 589 437; x_wconf 89' lang='lat' dir='ltr'>pecuniam</span> <span class='ocrx_word' id='word_1_9' title='bbox 616 357 743 436; x_wconf 88' lang='lat' dir='ltr'>polliceri</span> <span class='ocrx_word' id='word_1_10' title='bbox 770 373 831 413; x_wconf 91' lang='lat' dir='ltr'>non</span> <span class='ocrx_word' id='word_1_11' title='bbox 860 351 1006 411; x_wconf 91' lang='lat' dir='ltr'>desistunt.</span> <span class='ocrx_word' id='word_1_12' title='bbox 1049 345 1126 407; x_wconf 90' lang='lat' dir='ltr'>Cum</span> <span class='ocrx_word' id='word_1_13' title='bbox 1154 345 1192 401; x_wconf 92' lang='lat' dir='ltr'>ab</span> 
     </span>
     <span class='ocr_line' id='line_1_3' title="bbox 200 440 1191 540; baseline -0.024 -19"><span class='ocrx_word' id='word_1_14' title='bbox 200 461 339 540; x_wconf 84' lang='lat' dir='ltr'>proximis</span> <span class='ocrx_word' id='word_1_15' title='bbox 364 461 514 536; x_wconf 86' lang='lat' dir='ltr'>impetrare</span> <span class='ocrx_word' id='word_1_16' title='bbox 538 477 600 516; x_wconf 89' lang='lat' dir='ltr'>non</span> <span class='ocrx_word' id='word_1_17' title='bbox 624 465 752 534; x_wconf 89' lang='lat' dir='ltr'>possent,</span> <span class='ocrx_word' id='word_1_18' title='bbox 777 452 925 512; x_wconf 86' lang='lat' dir='ltr'>ulteriores</span> <span class='ocrx_word' id='word_1_19' title='bbox 950 453 1099 521; x_wconf 81' lang='lat' dir='ltr'><strong>temptant.</strong></span> <span class='ocrx_word' id='word_1_20' title='bbox 1141 440 1191 500; x_wconf 95' lang='grc' dir='ltr'>Ιιι-</span> 
     </span>
     <span class='ocr_line' id='line_1_4' title="bbox 201 542 1192 620; baseline -0.021 -2"><span class='ocrx_word' id='word_1_21' title='bbox 201 561 293 620; x_wconf 90' lang='lat' dir='ltr'>ventis</span> <span class='ocrx_word' id='word_1_22' title='bbox 315 558 461 618; x_wconf 90' lang='lat' dir='ltr'>nonnullis</span> <span class='ocrx_word' id='word_1_23' title='bbox 486 558 644 618; x_wconf 88' lang='lat' dir='ltr'>civitatibus</span> <span class='ocrx_word' id='word_1_24' title='bbox 671 552 853 614; x_wconf 89' lang='lat' dir='ltr'>iureiurando</span> <span class='ocrx_word' id='word_1_25' title='bbox 875 551 948 606; x_wconf 89' lang='lat' dir='ltr'>inter</span> <span class='ocrx_word' id='word_1_26' title='bbox 967 563 999 602; x_wconf 90' lang='lat' dir='ltr'>se</span> <span class='ocrx_word' id='word_1_27' title='bbox 1020 542 1192 601; x_wconf 87' lang='lat' dir='ltr'>confirmant</span> 
     </span>
     <span class='ocr_line' id='line_1_5' title="bbox 203 619 1192 770; baseline -0.022 -54"><span class='ocrx_word' id='word_1_28' title='bbox 203 659 408 770; x_wconf 84' lang='lat' dir='ltr'>obsidibusque</span> <span class='ocrx_word' id='word_1_29' title='bbox 428 657 464 714; x_wconf 91' lang='lat' dir='ltr'>de</span> <span class='ocrx_word' id='word_1_30' title='bbox 483 619 743 732; x_wconf 52' lang='lat' dir='ltr'>pecuniabbavennt&#39;·</span> <span class='ocrx_word' id='word_1_31' title='bbox 763 647 963 722; x_wconf 86' lang='lat' dir='ltr'>Ambiorigem</span> <span class='ocrx_word' id='word_1_32' title='bbox 984 642 1037 711; x_wconf 85' lang='lat' dir='ltr'>sibi</span> <span class='ocrx_word' id='word_1_33' title='bbox 1055 638 1192 698; x_wconf 89' lang='lat' dir='ltr'>societate</span> 
     </span>
     <span class='ocr_line' id='line_1_6' title="bbox 175 717 1192 832; baseline -0.025 -17"><span class='ocrx_word' id='word_1_34' title='bbox 175 755 269 832; x_wconf 84' lang='lat' dir='ltr'>5etf</span> <span class='ocrx_word' id='word_1_35' title='bbox 220 717 370 814; x_wconf 70' lang='grc' dir='ltr'>ιιοθιιειε</span> <span class='ocrx_word' id='word_1_36' title='bbox 395 753 562 828; x_wconf 89' lang='lat' dir='ltr'>adiungunt.</span> <span class='ocrx_word' id='word_1_37' title='bbox 605 752 719 823; x_wconf 89' lang='lat' dir='ltr'>Quibus</span> <span class='ocrx_word' id='word_1_38' title='bbox 744 751 829 808; x_wconf 90' lang='lat' dir='ltr'>rebus</span> <span class='ocrx_word' id='word_1_39' title='bbox 851 743 973 820; x_wconf 90' lang='lat' dir='ltr'>cognitis</span> <span class='ocrx_word' id='word_1_40' title='bbox 995 739 1192 798; x_wconf 83' lang='lat' dir='ltr'>Caesareum</span> 
     </span>
     <span class='ocr_line' id='line_1_7' title="bbox 202 834 1189 929; baseline -0.024 -16"><span class='ocrx_word' id='word_1_41' title='bbox 202 855 331 929; x_wconf 89' lang='lat' dir='ltr'>undique</span> <span class='ocrx_word' id='word_1_42' title='bbox 357 852 465 912; x_wconf 90' lang='lat' dir='ltr'>bellum</span> <span class='ocrx_word' id='word_1_43' title='bbox 495 849 587 927; x_wconf 87' lang='lat' dir='ltr'>parari</span> <span class='ocrx_word' id='word_1_44' title='bbox 615 851 730 920; x_wconf 91' lang='lat' dir='ltr'>videret,</span> <span class='ocrx_word' id='word_1_45' title='bbox 758 845 888 914; x_wconf 90' lang='lat' dir='ltr'>Nervios,</span> <span class='ocrx_word' id='word_1_46' title='bbox 919 839 1096 904; x_wconf 85' lang='lat' dir='ltr'>Aduatucos,</span> <span class='ocrx_word' id='word_1_47' title='bbox 1128 834 1189 906; x_wconf 84' lang='lat' dir='ltr'>[ac]</span> 
     </span>
     <span class='ocr_line' id='line_1_8' title="bbox 198 935 1193 1026; baseline -0.028 -12"><span class='ocrx_word' id='word_1_48' title='bbox 198 951 358 1026; x_wconf 81' lang='lat' dir='ltr'>Menapios</span> <span class='ocrx_word' id='word_1_49' title='bbox 391 949 532 1008; x_wconf 89' lang='lat' dir='ltr'>adiunctis</span> <span class='ocrx_word' id='word_1_50' title='bbox 564 947 749 1008; x_wconf 80' lang='lat' dir='ltr'>Cisrhenanis</span> <span class='ocrx_word' id='word_1_51' title='bbox 777 943 912 1003; x_wconf 89' lang='lat' dir='ltr'>omnibus</span> <span class='ocrx_word' id='word_1_52' title='bbox 943 935 1097 996; x_wconf 86' lang='lat' dir='ltr'>Germanis</span> <span class='ocrx_word' id='word_1_53' title='bbox 1129 947 1193 989; x_wconf 92' lang='lat' dir='ltr'>esse</span> 
     </span>
     <span class='ocr_line' id='line_1_9' title="bbox 203 1029 1193 1121; baseline -0.024 -13"><span class='ocrx_word' id='word_1_54' title='bbox 203 1053 234 1108; x_wconf 92' lang='lat' dir='ltr'>in</span> <span class='ocrx_word' id='word_1_55' title='bbox 253 1049 348 1118; x_wconf 89' lang='lat' dir='ltr'>annis,</span> <span class='ocrx_word' id='word_1_56' title='bbox 364 1046 495 1105; x_wconf 90' lang='lat' dir='ltr'>Senones</span> <span class='ocrx_word' id='word_1_57' title='bbox 512 1046 573 1107; x_wconf 88' lang='lat' dir='ltr'>ad</span> <span class='ocrx_word' id='word_1_58' title='bbox 565 1055 738 1121; x_wconf 81' lang='lat' dir='ltr'>imperatum</span> <span class='ocrx_word' id='word_1_59' title='bbox 751 1061 812 1101; x_wconf 90' lang='lat' dir='ltr'>non</span> <span class='ocrx_word' id='word_1_60' title='bbox 828 1039 925 1099; x_wconf 87' lang='lat' dir='ltr'>venire</span> <span class='ocrx_word' id='word_1_61' title='bbox 941 1044 970 1094; x_wconf 90' lang='lat' dir='ltr'>et</span> <span class='ocrx_word' id='word_1_62' title='bbox 989 1049 1056 1091; x_wconf 91' lang='lat' dir='ltr'>cum</span> <span class='ocrx_word' id='word_1_63' title='bbox 1071 1029 1193 1088; x_wconf 90' lang='lat' dir='ltr'>Carnut-</span> 
     </span>
     <span class='ocr_line' id='line_1_10' title="bbox 203 1125 1193 1221; baseline -0.026 -15"><span class='ocrx_word' id='word_1_64' title='bbox 203 1150 269 1207; x_wconf 93' lang='lat' dir='ltr'>ibus</span> <span class='ocrx_word' id='word_1_65' title='bbox 293 1145 476 1221; x_wconf 87' lang='lat' dir='ltr'>finitimisque</span> <span class='ocrx_word' id='word_1_66' title='bbox 502 1145 585 1202; x_wconf 88' lang='lat' dir='ltr'>civita</span> <span class='ocrx_word' id='word_1_67' title='bbox 556 1145 724 1202; x_wconf 90' lang='lat' dir='ltr'>tatibusco</span> <span class='ocrx_word' id='word_1_68' title='bbox 760 1141 807 1198; x_wconf 91' lang='lat' dir='ltr'>ilia</span> <span class='ocrx_word' id='word_1_69' title='bbox 832 1133 1054 1199; x_wconf 90' lang='lat' dir='ltr'>communicare,</span> <span class='ocrx_word' id='word_1_70' title='bbox 1079 1125 1193 1185; x_wconf 89' lang='lat' dir='ltr'>aTre·</span> 
     </span>
     <span class='ocr_line' id='line_1_11' title="bbox 163 1152 1193 1317; baseline -0.025 -10"><span class='ocrx_word' id='word_1_71' title='bbox 163 1271 193 1307; x_wconf 87' lang='grc' dir='ltr'>ιο</span> <span class='ocrx_word' id='word_1_72' title='bbox 205 1246 278 1304; x_wconf 89' lang='lat' dir='ltr'>veris</span> <span class='ocrx_word' id='word_1_73' title='bbox 292 1242 457 1302; x_wconf 89' lang='lat' dir='ltr'>Germanos</span> <span class='ocrx_word' id='word_1_74' title='bbox 458 1215 593 1299; x_wconf 63' lang='grc' dir='ltr'>νιειειιιιε</span> <span class='ocrx_word' id='word_1_75' title='bbox 585 1152 794 1317; x_wconf 58' lang='grc' dir='ltr'>ἴιεὲιῆιιιιιιιιιε</span> <span class='ocrx_word' id='word_1_76' title='bbox 814 1233 966 1302; x_wconf 89' lang='lat' dir='ltr'>sollicitari,</span> <span class='ocrx_word' id='word_1_77' title='bbox 980 1229 1118 1286; x_wconf 88' lang='lat' dir='ltr'>maturius</span> <span class='ocrx_word' id='word_1_78' title='bbox 1141 1223 1193 1283; x_wconf 92' lang='lat' dir='ltr'>sibi</span> 
     </span>
     <span class='ocr_line' id='line_1_12' title="bbox 205 1323 1194 1416; baseline -0.025 -14"><span class='ocrx_word' id='word_1_79' title='bbox 205 1344 241 1402; x_wconf 91' lang='lat' dir='ltr'>de</span> <span class='ocrx_word' id='word_1_80' title='bbox 269 1342 345 1400; x_wconf 92' lang='lat' dir='ltr'>bello</span> <span class='ocrx_word' id='word_1_81' title='bbox 376 1340 577 1416; x_wconf 89' lang='lat' dir='ltr'>cogitandum</span> <span class='ocrx_word' id='word_1_82' title='bbox 595 1339 710 1415; x_wconf 88' lang='lat' dir='ltr'>putavit.</span> <span class='ocrx_word' id='word_1_83' title='bbox 752 1342 781 1395; x_wconf 90' lang='lat'>3.</span> <span class='ocrx_word' id='word_1_84' title='bbox 802 1335 904 1409; x_wconf 89' lang='lat' dir='ltr'>Itaque</span> <span class='ocrx_word' id='word_1_85' title='bbox 936 1327 1067 1386; x_wconf 89' lang='lat' dir='ltr'>nondum</span> <span class='ocrx_word' id='word_1_86' title='bbox 1099 1323 1194 1380; x_wconf 89' lang='lat' dir='ltr'>hieme</span> 
     </span>
     <span class='ocr_line' id='line_1_13' title="bbox 206 1421 1194 1514; baseline -0.025 -13"><span class='ocrx_word' id='word_1_87' title='bbox 206 1439 339 1504; x_wconf 88' lang='lat' dir='ltr'>confecta</span> <span class='ocrx_word' id='word_1_88' title='bbox 357 1438 496 1514; x_wconf 80' lang='lat' dir='ltr'>proximis</span> <span class='ocrx_word' id='word_1_89' title='bbox 515 1445 650 1513; x_wconf 90' lang='lat' dir='ltr'>quattuor</span> <span class='ocrx_word' id='word_1_90' title='bbox 671 1435 778 1493; x_wconf 87' lang='lat' dir='ltr'>coactis</span> <span class='ocrx_word' id='word_1_91' title='bbox 799 1429 960 1508; x_wconf 81' lang='lat' dir='ltr'>legionibus</span> <span class='ocrx_word' id='word_1_92' title='bbox 982 1425 1018 1484; x_wconf 90' lang='lat' dir='ltr'>de</span> <span class='ocrx_word' id='word_1_93' title='bbox 1038 1421 1194 1499; x_wconf 91' lang='lat' dir='ltr'>improviso</span> 
     </span>
     <span class='ocr_line' id='line_1_14' title="bbox 205 1519 1194 1608; baseline -0.022 -12"><span class='ocrx_word' id='word_1_94' title='bbox 205 1539 236 1596; x_wconf 88' lang='lat' dir='ltr'>in</span> <span class='ocrx_word' id='word_1_95' title='bbox 250 1538 322 1594; x_wconf 88' lang='lat' dir='ltr'>fines</span> <span class='ocrx_word' id='word_1_96' title='bbox 335 1535 507 1594; x_wconf 89' lang='lat' dir='ltr'>Nerviorum</span> <span class='ocrx_word' id='word_1_97' title='bbox 522 1534 670 1592; x_wconf 89' lang='lat' dir='ltr'>contendit</span> <span class='ocrx_word' id='word_1_98' title='bbox 684 1543 720 1603; x_wconf 90' lang='lat' dir='ltr'>et,</span> <span class='ocrx_word' id='word_1_99' title='bbox 733 1533 903 1608; x_wconf 80' lang='lat' dir='ltr'>priusquam</span> <span class='ocrx_word' id='word_1_100' title='bbox 921 1526 968 1585; x_wconf 87' lang='lat' dir='ltr'>illi</span> <span class='ocrx_word' id='word_1_101' title='bbox 978 1532 1028 1582; x_wconf 87' lang='lat' dir='ltr'>aut</span> <span class='ocrx_word' id='word_1_102' title='bbox 1041 1519 1194 1580; x_wconf 85' lang='lat' dir='ltr'>convenire</span> 
     </span>
     <span class='ocr_line' id='line_1_15' title="bbox 206 1621 1195 1712; baseline -0.022 -18"><span class='ocrx_word' id='word_1_103' title='bbox 206 1632 255 1694; x_wconf 83' lang='lat' dir='ltr'>aut</span> <span class='ocrx_word' id='word_1_104' title='bbox 270 1634 422 1712; x_wconf 85' lang='lat' dir='ltr'>profugere</span> <span class='ocrx_word' id='word_1_105' title='bbox 443 1642 571 1710; x_wconf 87' lang='lat' dir='ltr'>possent,</span> <span class='ocrx_word' id='word_1_106' title='bbox 586 1649 694 1708; x_wconf 86' lang='lat' dir='ltr'>magno</span> <span class='ocrx_word' id='word_1_107' title='bbox 709 1629 821 1707; x_wconf 89' lang='lat' dir='ltr'>pecoris</span> <span class='ocrx_word' id='word_1_108' title='bbox 842 1635 928 1702; x_wconf 87' lang='lat' dir='ltr'>atque</span> <span class='ocrx_word' id='word_1_109' title='bbox 945 1621 1096 1681; x_wconf 90' lang='lat' dir='ltr'>hominum</span> <span class='ocrx_word' id='word_1_110' title='bbox 1110 1633 1195 1674; x_wconf 90' lang='lat' dir='ltr'>num-</span> 
     </span>
     <span class='ocr_line' id='line_1_16' title="bbox 164 1716 1196 1808; baseline -0.019 -16"><span class='ocrx_word' id='word_1_111' title='bbox 164 1757 193 1806; x_wconf 83' lang='lat'>15</span> <span class='ocrx_word' id='word_1_112' title='bbox 206 1751 256 1791; x_wconf 90' lang='lat' dir='ltr'>ero</span> <span class='ocrx_word' id='word_1_113' title='bbox 288 1742 373 1808; x_wconf 86' lang='lat' dir='ltr'>capto</span> <span class='ocrx_word' id='word_1_114' title='bbox 403 1740 488 1806; x_wconf 88' lang='lat' dir='ltr'>atque</span> <span class='ocrx_word' id='word_1_115' title='bbox 513 1750 548 1789; x_wconf 87' lang='lat' dir='ltr'>ea</span> <span class='ocrx_word' id='word_1_116' title='bbox 571 1731 679 1808; x_wconf 85' lang='lat' dir='ltr'>praeda</span> <span class='ocrx_word' id='word_1_117' title='bbox 700 1729 834 1787; x_wconf 88' lang='lat' dir='ltr'>militibus</span> <span class='ocrx_word' id='word_1_118' title='bbox 858 1738 998 1783; x_wconf 88' lang='lat' dir='ltr'>concessa</span> <span class='ocrx_word' id='word_1_119' title='bbox 1021 1716 1196 1791; x_wconf 90' lang='lat' dir='ltr'>vastatisque</span> 
     </span>
     <span class='ocr_line' id='line_1_17' title="bbox 81 1814 1197 1934; baseline -0.019 -42"><span class='ocrx_word' id='word_1_120' title='bbox 81 1820 84 1824; x_wconf 34' lang='lat'><strong>⁴</strong></span> <span class='ocrx_word' id='word_1_121' title='bbox 129 1833 327 1934; x_wconf 66' lang='lat' dir='ltr'>agris</span> <span class='ocrx_word' id='word_1_122' title='bbox 306 1831 337 1888; x_wconf 91' lang='lat' dir='ltr'>in</span> <span class='ocrx_word' id='word_1_123' title='bbox 361 1830 538 1889; x_wconf 90' lang='lat' dir='ltr'>deditionem</span> <span class='ocrx_word' id='word_1_124' title='bbox 563 1831 659 1888; x_wconf 89' lang='lat' dir='ltr'>venire</span> <span class='ocrx_word' id='word_1_125' title='bbox 682 1838 767 1904; x_wconf 91' lang='lat' dir='ltr'>atque</span> <span class='ocrx_word' id='word_1_126' title='bbox 789 1823 906 1884; x_wconf 91' lang='lat' dir='ltr'>obsides</span> <span class='ocrx_word' id='word_1_127' title='bbox 927 1821 981 1878; x_wconf 91' lang='lat' dir='ltr'>sibi</span> <span class='ocrx_word' id='word_1_128' title='bbox 1003 1817 1070 1876; x_wconf 83' lang='lat' dir='ltr'>dare</span> <span class='ocrx_word' id='word_1_129' title='bbox 1092 1814 1197 1889; x_wconf 89' lang='lat' dir='ltr'>co&#39;egit.</span> 
     </span>
     <span class='ocr_line' id='line_1_18' title="bbox 129 1900 1322 2011; baseline -0.021 -21.413"><span class='ocrx_word' id='word_1_130' title='bbox 129 1900 263 1988; x_wconf 55' lang='grc' dir='ltr'>ι”Ἔο</span> <span class='ocrx_word' id='word_1_131' title='bbox 275 1913 404 1990; x_wconf 82' lang='lat' dir='ltr'>celeriter</span> <span class='ocrx_word' id='word_1_132' title='bbox 432 1927 565 1986; x_wconf 89' lang='lat' dir='ltr'>confecto</span> <span class='ocrx_word' id='word_1_133' title='bbox 594 1927 712 2011; x_wconf 82' lang='lat' dir='ltr'>negotio</span> <span class='ocrx_word' id='word_1_134' title='bbox 738 1941 835 1984; x_wconf 90' lang='lat' dir='ltr'>rursus</span> <span class='ocrx_word' id='word_1_135' title='bbox 863 1924 893 1980; x_wconf 87' lang='lat' dir='ltr'>in</span> <span class='ocrx_word' id='word_1_136' title='bbox 920 1919 1040 1976; x_wconf 89' lang='lat' dir='ltr'>hiberna</span> <span class='ocrx_word' id='word_1_137' title='bbox 1067 1913 1209 2010; x_wconf 84' lang='lat' dir='ltr'>legiones</span> <span class='ocrx_word' id='word_1_138' title='bbox 1212 1957 1226 2000; x_wconf 48' lang='grc' dir='ltr'>ι</span> <span class='ocrx_word' id='word_1_139' title='bbox 1321 1923 1322 1946; x_wconf 54' lang='grc' dir='ltr'>ι</span> 
     </span>
     <span class='ocr_line' id='line_1_19' title="bbox 206 1979 1208 2101; baseline -0.015 -15"><span class='ocrx_word' id='word_1_140' title='bbox 206 2028 328 2086; x_wconf 86' lang='lat' dir='ltr'>reduxit.</span> <span class='ocrx_word' id='word_1_141' title='bbox 369 2025 500 2084; x_wconf 89' lang='lat' dir='ltr'>Concilio</span> <span class='ocrx_word' id='word_1_142' title='bbox 520 2021 639 2084; x_wconf 89' lang='lat' dir='ltr'>Galliae</span> <span class='ocrx_word' id='word_1_143' title='bbox 649 2026 743 2101; x_wconf 91' lang='lat' dir='ltr'>primo</span> <span class='ocrx_word' id='word_1_144' title='bbox 762 2041 835 2092; x_wconf 91' lang='lat' dir='ltr'>vere,</span> <span class='ocrx_word' id='word_1_145' title='bbox 853 2033 884 2079; x_wconf 91' lang='lat' dir='ltr'>ut</span> <span class='ocrx_word' id='word_1_146' title='bbox 898 2018 1064 2083; x_wconf 87' lang='lat' dir='ltr'>instituerat,</span> <span class='ocrx_word' id='word_1_147' title='bbox 1078 1979 1208 2081; x_wconf 80' lang='lat' dir='ltr'>indicto,</span> 
     </span>
     <span class='ocr_line' id='line_1_20' title="bbox 208 2111 1199 2234; baseline -0.018 -51"><span class='ocrx_word' id='word_1_148' title='bbox 208 2143 275 2184; x_wconf 90' lang='lat' dir='ltr'>cum</span> <span class='ocrx_word' id='word_1_149' title='bbox 289 2123 389 2200; x_wconf 89' lang='lat' dir='ltr'>reliqui</span> <span class='ocrx_word' id='word_1_150' title='bbox 403 2134 514 2207; x_wconf 82' lang='lat' dir='ltr'>praeter</span> <span class='ocrx_word' id='word_1_151' title='bbox 528 2120 814 2234; x_wconf 46' lang='lat' dir='ltr'>Senonequamutes</span> <span class='ocrx_word' id='word_1_152' title='bbox 828 2118 1030 2192; x_wconf 90' lang='lat' dir='ltr'>Treverosque</span> <span class='ocrx_word' id='word_1_153' title='bbox 1044 2111 1199 2192; x_wconf 87' lang='lat' dir='ltr'>venissent,</span> 
     </span>
     <span class='ocr_line' id='line_1_21' title="bbox 165 2209 1200 2288; baseline -0.016 -7"><span class='ocrx_word' id='word_1_154' title='bbox 165 2222 319 2282; x_wconf 74' lang='lat' dir='ltr'>asinitium</span> <span class='ocrx_word' id='word_1_155' title='bbox 346 2221 413 2288; x_wconf 89' lang='lat' dir='ltr'>belli</span> <span class='ocrx_word' id='word_1_156' title='bbox 443 2239 478 2279; x_wconf 90' lang='lat' dir='ltr'>ac</span> <span class='ocrx_word' id='word_1_157' title='bbox 503 2220 675 2280; x_wconf 87' lang='lat' dir='ltr'>defectionis</span> <span class='ocrx_word' id='word_1_158' title='bbox 702 2219 758 2278; x_wconf 91' lang='lat' dir='ltr'>hoc</span> <span class='ocrx_word' id='word_1_159' title='bbox 780 2237 844 2277; x_wconf 89' lang='lat' dir='ltr'>esse</span> <span class='ocrx_word' id='word_1_160' title='bbox 863 2216 1023 2285; x_wconf 88' lang='lat' dir='ltr'>arbitratus,</span> <span class='ocrx_word' id='word_1_161' title='bbox 1044 2221 1076 2270; x_wconf 94' lang='lat' dir='ltr'>ut</span> <span class='ocrx_word' id='word_1_162' title='bbox 1099 2209 1200 2267; x_wconf 85' lang='lat' dir='ltr'>omnia</span> 
     </span>
     <span class='ocr_line' id='line_1_22' title="bbox 209 2312 1198 2396; baseline -0.016 -17"><span class='ocrx_word' id='word_1_163' title='bbox 209 2329 385 2396; x_wconf 90' lang='lat' dir='ltr'>postponere</span> <span class='ocrx_word' id='word_1_164' title='bbox 406 2318 554 2393; x_wconf 81' lang='lat' dir='ltr'>videretur,</span> <span class='ocrx_word' id='word_1_165' title='bbox 575 2319 728 2377; x_wconf 90' lang='lat' dir='ltr'>concilium</span> <span class='ocrx_word' id='word_1_166' title='bbox 749 2317 892 2377; x_wconf 87' lang='lat' dir='ltr'>Lutetiam</span> <span class='ocrx_word' id='word_1_167' title='bbox 913 2312 1087 2371; x_wconf 88' lang='lat' dir='ltr'>Parisiorum</span> <span class='ocrx_word' id='word_1_168' title='bbox 1107 2317 1198 2366; x_wconf 90' lang='lat' dir='ltr'>trans-</span> 
     </span>
     <span class='ocr_line' id='line_1_23' title="bbox 208 2413 1199 2485; baseline -0.015 -11"><span class='ocrx_word' id='word_1_169' title='bbox 208 2417 271 2474; x_wconf 86' lang='lat' dir='ltr'>fert.</span> <span class='ocrx_word' id='word_1_170' title='bbox 327 2415 466 2474; x_wconf 91' lang='lat' dir='ltr'>Confines</span> <span class='ocrx_word' id='word_1_171' title='bbox 496 2426 576 2475; x_wconf 87' lang='lat' dir='ltr'>erant</span> <span class='ocrx_word' id='word_1_172' title='bbox 605 2416 635 2474; x_wconf 93' lang='lat' dir='ltr'>hi</span> <span class='ocrx_word' id='word_1_173' title='bbox 663 2416 827 2474; x_wconf 89' lang='lat' dir='ltr'>Senonibus</span> <span class='ocrx_word' id='word_1_174' title='bbox 855 2413 1055 2485; x_wconf 89' lang='lat' dir='ltr'>civitatemque</span> <span class='ocrx_word' id='word_1_175' title='bbox 1084 2415 1199 2481; x_wconf 88' lang='lat' dir='ltr'>patrum</span> 
     </span>
     <span class='ocr_line' id='line_1_24' title="bbox 210 2503 1202 2584; baseline -0.015 -11"><span class='ocrx_word' id='word_1_176' title='bbox 210 2515 351 2573; x_wconf 86' lang='lat' dir='ltr'>memoria</span> <span class='ocrx_word' id='word_1_177' title='bbox 370 2514 588 2584; x_wconf 87' lang='lat' dir='ltr'>coniunxerant,</span> <span class='ocrx_word' id='word_1_178' title='bbox 604 2514 655 2573; x_wconf 92' lang='lat' dir='ltr'>sed</span> <span class='ocrx_word' id='word_1_179' title='bbox 673 2516 711 2572; x_wconf 88' lang='lat' dir='ltr'>ab</span> <span class='ocrx_word' id='word_1_180' title='bbox 728 2513 785 2572; x_wconf 92' lang='lat' dir='ltr'>hoc</span> <span class='ocrx_word' id='word_1_181' title='bbox 807 2511 928 2570; x_wconf 91' lang='lat' dir='ltr'>consilio</span> <span class='ocrx_word' id='word_1_182' title='bbox 948 2507 1052 2566; x_wconf 88' lang='lat' dir='ltr'>afuisse</span> <span class='ocrx_word' id='word_1_183' title='bbox 1072 2503 1202 2561; x_wconf 63' lang='lat' dir='ltr'>existim⁴</span> 
     </span>
     <span class='ocr_line' id='line_1_25' title="bbox 211 2599 1199 2688; baseline -0.016 -16"><span class='ocrx_word' id='word_1_184' title='bbox 211 2614 339 2672; x_wconf 87' lang='lat' dir='ltr'>abantur.</span> <span class='ocrx_word' id='word_1_185' title='bbox 394 2610 462 2674; x_wconf 80' lang='lat' dir='ltr'>Hac</span> <span class='ocrx_word' id='word_1_186' title='bbox 489 2629 520 2669; x_wconf 91' lang='lat' dir='ltr'>re</span> <span class='ocrx_word' id='word_1_187' title='bbox 547 2629 601 2687; x_wconf 91' lang='lat' dir='ltr'>pro</span> <span class='ocrx_word' id='word_1_188' title='bbox 632 2621 769 2688; x_wconf 88' lang='lat' dir='ltr'>suggestu</span> <span class='ocrx_word' id='word_1_189' title='bbox 803 2607 987 2685; x_wconf 86' lang='lat' dir='ltr'>pronuntiata</span> <span class='ocrx_word' id='word_1_190' title='bbox 1017 2603 1122 2663; x_wconf 90' lang='lat' dir='ltr'>eodem</span> <span class='ocrx_word' id='word_1_191' title='bbox 1154 2599 1199 2658; x_wconf 90' lang='lat' dir='ltr'>die</span> 
     </span>
     <span class='ocr_line' id='line_1_26' title="bbox 167 2699 1200 2785; baseline -0.013 -17"><span class='ocrx_word' id='word_1_192' title='bbox 167 2731 201 2783; x_wconf 65' lang='grc' dir='ltr'>ιι,</span> <span class='ocrx_word' id='word_1_193' title='bbox 211 2728 278 2768; x_wconf 89' lang='lat' dir='ltr'>cum</span> <span class='ocrx_word' id='word_1_194' title='bbox 291 2708 452 2785; x_wconf 89' lang='lat' dir='ltr'>legionibus</span> <span class='ocrx_word' id='word_1_195' title='bbox 467 2709 498 2766; x_wconf 92' lang='lat' dir='ltr'>in</span> <span class='ocrx_word' id='word_1_196' title='bbox 517 2707 648 2768; x_wconf 90' lang='lat' dir='ltr'>Senones</span> <span class='ocrx_word' id='word_1_197' title='bbox 661 2709 850 2785; x_wconf 85' lang='lat' dir='ltr'>proficiscitur</span> <span class='ocrx_word' id='word_1_198' title='bbox 866 2708 1038 2782; x_wconf 88' lang='lat' dir='ltr'>magnisque</span> <span class='ocrx_word' id='word_1_199' title='bbox 1052 2699 1200 2760; x_wconf 90' lang='lat' dir='ltr'>itineribus</span> 
     </span>
     <span class='ocr_line' id='line_1_27' title="bbox 211 2799 1201 2886; baseline -0.012 -21"><span class='ocrx_word' id='word_1_200' title='bbox 211 2826 247 2868; x_wconf 92' lang='lat' dir='ltr'>co</span> <span class='ocrx_word' id='word_1_201' title='bbox 268 2807 403 2886; x_wconf 81' lang='lat' dir='ltr'>pervenit</span> <span class='ocrx_word' id='word_1_202' title='bbox 445 2811 476 2865; x_wconf 85' lang='lat'>4.</span> <span class='ocrx_word' id='word_1_203' title='bbox 498 2805 623 2882; x_wconf 89' lang='lat' dir='ltr'>Cognito</span> <span class='ocrx_word' id='word_1_204' title='bbox 649 2807 710 2864; x_wconf 87' lang='lat' dir='ltr'>eius</span> <span class='ocrx_word' id='word_1_205' title='bbox 734 2805 858 2864; x_wconf 89' lang='lat' dir='ltr'>adventu</span> <span class='ocrx_word' id='word_1_206' title='bbox 878 2804 968 2872; x_wconf 83' lang='lat' dir='ltr'>Accu,</span> <span class='ocrx_word' id='word_1_207' title='bbox 991 2802 1040 2878; x_wconf 95' lang='lat' dir='ltr'>qui</span> <span class='ocrx_word' id='word_1_208' title='bbox 1066 2799 1201 2876; x_wconf 91' lang='lat' dir='ltr'>princeps</span> 
     </span>
     <span class='ocr_line' id='line_1_28' title="bbox 211 2896 1199 2980; baseline -0.013 -16"><span class='ocrx_word' id='word_1_209' title='bbox 211 2907 272 2965; x_wconf 90' lang='lat' dir='ltr'>eius</span> <span class='ocrx_word' id='word_1_210' title='bbox 292 2905 402 2963; x_wconf 92' lang='lat' dir='ltr'>consilii</span> <span class='ocrx_word' id='word_1_211' title='bbox 422 2903 521 2976; x_wconf 85' lang='lat' dir='ltr'>fuerat,</span> <span class='ocrx_word' id='word_1_212' title='bbox 536 2905 639 2963; x_wconf 92' lang='lat' dir='ltr'>iubet</span> <span class='ocrx_word' id='word_1_213' title='bbox 632 2924 662 2962; x_wconf 92' lang='lat' dir='ltr'>m</span> <span class='ocrx_word' id='word_1_214' title='bbox 681 2905 789 2980; x_wconf 88' lang='lat' dir='ltr'>oppida</span> <span class='ocrx_word' id='word_1_215' title='bbox 807 2901 1017 2960; x_wconf 89' lang='lat' dir='ltr'>multitudinem</span> <span class='ocrx_word' id='word_1_216' title='bbox 1039 2896 1199 2956; x_wconf 87' lang='lat' dir='ltr'>convenire.</span> 
     </span>
     <span class='ocr_line' id='line_1_29' title="bbox 212 2997 1201 3090; baseline -0.012 -27"><span class='ocrx_word' id='word_1_217' title='bbox 212 3003 401 3074; x_wconf 87' lang='lat' dir='ltr'>Conantibus,</span> <span class='ocrx_word' id='word_1_218' title='bbox 430 3004 596 3079; x_wconf 91' lang='lat' dir='ltr'>priusquam</span> <span class='ocrx_word' id='word_1_219' title='bbox 623 3003 658 3090; x_wconf 86' lang='lat' dir='ltr'>id</span> <span class='ocrx_word' id='word_1_220' title='bbox 682 3003 754 3060; x_wconf 85' lang='lat' dir='ltr'>effici</span> <span class='ocrx_word' id='word_1_221' title='bbox 782 3009 889 3078; x_wconf 92' lang='lat' dir='ltr'>posset,</span> <span class='ocrx_word' id='word_1_222' title='bbox 917 2999 1019 3058; x_wconf 86' lang='lat' dir='ltr'>adesse</span> <span class='ocrx_word' id='word_1_223' title='bbox 1047 2997 1201 3054; x_wconf 88' lang='lat' dir='ltr'>Romanos</span> 
     </span>
     <span class='ocr_line' id='line_1_30' title="bbox 213 3080 1202 3173; baseline -0.012 -12"><span class='ocrx_word' id='word_1_224' title='bbox 213 3103 365 3161; x_wconf 87' lang='lat' dir='ltr'>nuntiatur.</span> <span class='ocrx_word' id='word_1_225' title='bbox 407 3100 580 3172; x_wconf 86' lang='lat' dir='ltr'>Necessario</span> <span class='ocrx_word' id='word_1_226' title='bbox 595 3080 646 3159; x_wconf 70' lang='lat' dir='ltr'>sAn</span> <span class='ocrx_word' id='word_1_227' title='bbox 648 3083 735 3159; x_wconf 86' lang='lat' dir='ltr'>tentia</span> <span class='ocrx_word' id='word_1_228' title='bbox 746 3100 885 3158; x_wconf 88' lang='lat' dir='ltr'>desistunt</span> <span class='ocrx_word' id='word_1_229' title='bbox 898 3099 1068 3173; x_wconf 87' lang='lat' dir='ltr'>legatosque</span> <span class='ocrx_word' id='word_1_230' title='bbox 1082 3093 1202 3168; x_wconf 90' lang='lat' dir='ltr'>deprec-</span> 
     </span>
     <span class='ocr_line' id='line_1_31' title="bbox 169 3192 1203 3307; baseline -0.01 -49"><span class='ocrx_word' id='word_1_231' title='bbox 169 3201 281 3274; x_wconf 76' lang='lat' dir='ltr'>30and1</span> <span class='ocrx_word' id='word_1_232' title='bbox 313 3217 400 3258; x_wconf 89' lang='lat' dir='ltr'>causa</span> <span class='ocrx_word' id='word_1_233' title='bbox 434 3199 470 3257; x_wconf 92' lang='lat' dir='ltr'>ad</span> <span class='ocrx_word' id='word_1_234' title='bbox 502 3198 664 3307; x_wconf 85' lang='lat' dir='ltr'>Caesarem</span> <span class='ocrx_word' id='word_1_235' title='bbox 689 3199 830 3290; x_wconf 76' lang='grc' dir='ltr'>ιιιιιιιιιιιι</span> <span class='ocrx_word' id='word_1_236' title='bbox 854 3197 962 3282; x_wconf 83' lang='lat' dir='ltr'>adeunt</span> <span class='ocrx_word' id='word_1_237' title='bbox 951 3205 1046 3270; x_wconf 89' lang='lat' dir='ltr'>tper</span> <span class='ocrx_word' id='word_1_238' title='bbox 1072 3192 1203 3260; x_wconf 90' lang='lat' dir='ltr'>Aeduos,</span> 
     </span>
     <span class='ocr_line' id='line_1_32' title="bbox 214 3257 1204 3376; baseline -0.011 -18"><span class='ocrx_word' id='word_1_239' title='bbox 214 3318 337 3376; x_wconf 91' lang='lat' dir='ltr'>quorum</span> <span class='ocrx_word' id='word_1_240' title='bbox 364 3275 517 3374; x_wconf 84' lang='lat' dir='ltr'>antiquitus</span> <span class='ocrx_word' id='word_1_241' title='bbox 545 3308 605 3356; x_wconf 91' lang='lat' dir='ltr'>erat</span> <span class='ocrx_word' id='word_1_242' title='bbox 632 3276 662 3355; x_wconf 81' lang='grc' dir='ltr'>ιιι</span> <span class='ocrx_word' id='word_1_243' title='bbox 659 3257 779 3356; x_wconf 67' lang='lat' dir='ltr'>tlide</span> <span class='ocrx_word' id='word_1_244' title='bbox 774 3295 879 3354; x_wconf 88' lang='lat' dir='ltr'>civitas.</span> <span class='ocrx_word' id='word_1_245' title='bbox 930 3294 1067 3352; x_wconf 88' lang='lat' dir='ltr'>Libenter</span> <span class='ocrx_word' id='word_1_246' title='bbox 1094 3289 1204 3349; x_wconf 87' lang='lat' dir='ltr'>Caesar</span> 
     </span>
     <span class='ocr_line' id='line_1_33' title="bbox 213 3367 1205 3504; baseline -0.01 -49"><span class='ocrx_word' id='word_1_247' title='bbox 213 3398 374 3472; x_wconf 87' lang='lat' dir='ltr'>petentibus</span> <span class='ocrx_word' id='word_1_248' title='bbox 388 3397 496 3456; x_wconf 89' lang='lat' dir='ltr'>Aeduis</span> <span class='ocrx_word' id='word_1_249' title='bbox 513 3396 561 3454; x_wconf 90' lang='lat' dir='ltr'>dat</span> <span class='ocrx_word' id='word_1_250' title='bbox 574 3367 686 3454; x_wconf 60' lang='lat' dir='ltr'>rienram</span> <span class='ocrx_word' id='word_1_251' title='bbox 707 3395 1000 3504; x_wconf 61' lang='lat' dir='ltr'>excusatioqemque</span> <span class='ocrx_word' id='word_1_252' title='bbox 995 3389 1108 3488; x_wconf 67' lang='lat' dir='ltr'>accipit,</span> <span class='ocrx_word' id='word_1_253' title='bbox 1124 3388 1205 3464; x_wconf 90' lang='lat' dir='ltr'>quod</span> 
     </span>
    </p>
   </div>
   <div class='ocr_carea' id='block_1_3' title="bbox 215 3469 1204 3572">
    <p class='ocr_par' dir='ltr' id='par_1_3' title="bbox 215 3469 1204 3572">
     <span class='ocr_line' id='line_1_34' title="bbox 215 3469 1204 3572; baseline -0.003 -21"><span class='ocrx_word' id='word_1_254' title='bbox 215 3497 352 3560; x_wconf 75' lang='lat' dir='ltr'>aestiuum</span> <span class='ocrx_word' id='word_1_255' title='bbox 366 3505 479 3572; x_wconf 89' lang='lat' dir='ltr'>tempus</span> <span class='ocrx_word' id='word_1_256' title='bbox 499 3473 631 3554; x_wconf 79' lang='lat' dir='ltr'>instantis</span> <span class='ocrx_word' id='word_1_257' title='bbox 595 3493 725 3568; x_wconf 88' lang='lat' dir='ltr'>tbelli,</span> <span class='ocrx_word' id='word_1_258' title='bbox 740 3510 802 3551; x_wconf 91' lang='lat' dir='ltr'>non</span> <span class='ocrx_word' id='word_1_259' title='bbox 816 3479 993 3569; x_wconf 82' lang='lat' dir='ltr'>quaestionis</span> <span class='ocrx_word' id='word_1_260' title='bbox 1007 3507 1070 3548; x_wconf 87' lang='lat' dir='ltr'>esse</span> <span class='ocrx_word' id='word_1_261' title='bbox 1071 3469 1204 3555; x_wconf 83' lang='lat' dir='ltr'>arbitra·</span> 
     </span>
    </p>
   </div>
   <div class='ocr_carea' id='block_1_4' title="bbox 0 0 1346 3918">
    <p class='ocr_par' dir='ltr' id='par_1_4' title="bbox 0 0 1346 3918">
     <span class='ocr_line' id='line_1_35' title="bbox 0 0 1346 3918; baseline 0 0"><span class='ocrx_word' id='word_1_262' title='bbox 0 0 1346 3918; x_wconf 95' lang='lat' dir='ltr'> </span> 
     </span>
    </p>
   </div>
  </div>
 </body>
</html>
