2650 3918
197 175 257 239 142
475 211 498 244 Δ.
527 167 555 222 u
578 172 672 220 ruarr
694 163 866 221 cussanus
1054 177 1072 209 .·
1129 167 1187 218 vn.

194 322 333 397 legenda:
359 323 439 381 vicos
463 332 549 399 atque
569 326 699 384 aedificia
717 325 834 383 incendi
854 331 987 399 oportere
1010 320 1068 378 hoc
1092 319 1186 396 spatio

198 421 231 494 [a
254 420 337 494 Boia]
365 440 587 498 quoqueversus,
613 441 671 500 quo
696 423 852 499 pabulandi
881 439 966 480 causa
994 419 1070 477 adire
1099 435 1187 494 posse

195 519 350 579 videantur.
401 519 516 579 Harum
543 522 613 598 ipsis
640 539 736 579 rerum
764 522 880 597 copiam
908 529 1068 596 suppetere,
1097 516 1186 591 quod,

196 634 320 693 quorum
338 619 368 676 in
390 618 496 676 finibus
514 619 630 677 bellum·
640 629 882 694 geratur,e0rum
900 618 1003 693 opibus
1015 616 1187 674 sublevent-

169 732 229 783 5ur
238 733 246 786 3
268 715 422 774 Romanos
440 728 488 775 aut
502 717 631 792 inopiam
642 734 703 775 non
721 717 829 775 laturos
849 727 897 774 aut
907 729 1096 790 magnocum
1112 713 1187 789 peri-

197 814 263 872 culo
277 815 391 890 longius
406 815 442 872 ab
457 816 556 873 castris
569 833 774 890 processtuos:
796 834 891 892 neque
907 815 1053 882 interesse,
1068 813 1188 888 ipsosne

195 913 627 990 interficiantimpedimentisne
641 923 757 985 exuant,
766 914 869 989 quibus
884 913 996 970 amissis
1006 910 1113 969 bellurn
1127 908 1188 984 geri

196 1030 258 1070 non
285 1011 385 1088 possit.
437 1011 588 1070 Praeterea
608 1013 718 1089 oppida
738 1012 853 1070 incendi
874 1021 1015 1088 oportere,
1031 1025 1114 1087 quae
1126 1025 1188 1066 non

197 1110 356 1168 munitione
380 1119 408 1167 et
433 1109 488 1168 loci
512 1120 615 1168 natura
636 1113 674 1168 ab
698 1111 778 1168 omni
803 1111 860 1168 sint
884 1109 1011 1186 periculo
1040 1117 1107 1178 tuta,
1130 1124 1188 1164 neu

154 1237 185 1272 10
198 1208 256 1266 suis
271 1208 328 1266 sint
346 1207 383 1265 ad
398 1207 613 1266 detractandam
632 1209 761 1267 militiam
780 1209 960 1284 receptacula
978 1226 1035 1265 neu
1046 1207 1189 1264 Romanis

197 1308 346 1384 proposita
376 1307 414 1364 ad
442 1307 556 1382 copiam
584 1319 763 1366 commeatus
796 1308 991 1384 praedamque
1022 1305 1187 1365 tollendam.

198 1406 282 1464 Haec
311 1405 334 1463 si
361 1405 458 1480 gravia
488 1415 537 1463 aut
567 1407 670 1464 acerba
697 1405 853 1478 videantur,
883 1406 974 1464 multo
1002 1405 1049 1464 illa
1075 1405 1189 1480 gravius

199 1503 357 1574 aestimare,
372 1503 485 1574 liberos
501 1505 640 1580 coniuges
661 1505 691 1562 in
712 1506 876 1563 servitutem
896 1504 1030 1574 abstrahi,
1044 1505 1124 1579 ipsos
1146 1504 1190 1560 in·

198 1601 304 1672 terfici;
327 1602 450 1677 quaesit
470 1620 590 1661 necesse
613 1602 851 1662 accidere'vietis.
886 1609 933 1662 15.
956 1603 1096 1662 Omnium
1118 1611 1199 1661 eon*

156 1725 187 1774 15
198 1718 286 1760 sensu
312 1701 367 1759 hac
395 1702 538 1759 sententia
564 1703 686 1777 probata
716 1720 775 1760 uno
804 1703 850 1760 die
878 1702 1001 1778 amplius
1032 1717 1074 1758 xx
1104 1700 1191 1758 urbes

198 1798 359 1876 Biturigum
382 1800 582 1858 incenduntur.
624 1799 694 1858 Hoc
718 1802 796 1859 idem
821 1801 852 1858 fit
875 1803 905 1858 in
932 1800 1048 1876 reliquis
1072 1799 1190 1858 civitati-

198 1899 269 1956 bus:
290 1898 320 1954 in
334 1898 470 1956 omnibus
489 1899 617 1974 partibus
635 1900 769 1962 incendia
788 1901 1020 1976 conspiciuntur;
1043 1917 1117 1976 quae
1137 1899 1191 1959 etsi

198 2014 308 2072 magno
328 2014 394 2054 curn
414 1997 513 2054 dolore
533 2015 635 2055 omnes
659 1997 798 2068 ferebant,
820 2008 917 2056 tamen
938 1997 996 2069 hoc
1017 1997 1071 2055 sibi
1090 1985 1192 2056 solacii

199 2097 410 2172 proponebant,
420 2096 501 2171 quod
512 2115 543 2154 se
554 2115 646 2173 prope
658 2097 806 2173 explorata
817 2097 934 2155 victoria
945 2096 1072 2154 celeriter
1084 2096 1192 2154 amissa

156 2215 186 2252 ao
199 2194 407 2268 reciperaturos
426 2193 617 2253 confidebant.
661 2193 840 2254 Deliberatur
859 2195 896 2253 de
916 2195 1039 2252 Avarico
1061 2194 1092 2250 in
1111 2203 1192 2252 corn-

199 2291 280 2348 muni
308 2291 441 2362 concilio,
465 2291 581 2350 incendi
608 2292 742 2366 placeret,
765 2311 803 2350 an
827 2292 951 2350 defendi.
993 2286 1193 2350 Procumbunt

199 2389 334 2446 omnibus
354 2387 444 2446 Gallis
463 2389 500 2446 ad
518 2389 616 2464 pedes⁵
629 2388 781 2466 Bituriges·
796 2408 834 2448 ne
857 2389 1079 2466 pulcherrimam
1099 2383 1193 2466 prope

199 2487 287 2562 totiqs
302 2485 412 2544 Galliae
426 2487 536 2556 urbem,
552 2505 626 2563 quae
640 2489 783 2564 praesidio
798 2497 826 2546 et
840 2498 1011 2546 ornamento
1027 2488 1063 2546 sit
1078 2488 1193 2559 civitati,

200 2585 260 2642 suis
281 2585 416 2642 manibus
438 2584 614 2643 succendere
635 2596 822 2661 cogerentur:
847 2585 932 2644 facile
954 2605 985 2644 se
1013 2586 1194 2646 locinatura

156 2703 190 2750 251
200 2682 369 2740 defensuros
389 2681 495 2751 dicunt,
511 2683 590 2756 quod
609 2700 700 2759 prope
720 2702 756 2740 ex
775 2683 910 2744 omnibus
930 2685 1058 2760 partibus
1073 2685 1192 2744 flumine

200 2791 228 2839 et
247 2779 351 2856 palude
370 2769 545 2837 circumdata
564 2797 656 2837 unum
677 2780 782 2838 habeat
802 2790 1059 2858 et-perangustum
1074 2775 1192 2842 aditum.

200 2879 293 2938 Datur
320 2877 484 2954 petentibus
510 2877 593 2935 venia
621 2877 805 2936 dissuadente
828 2879 922 2954 primo
935 2879 1191 2956 Vercingetorige,

201 2987 269 3054 post
290 2977 468 3035 concedente
489 2985 518 3033 et
538 2976 820 3053 precibus-ipsorum
842 2987 870 3036 et
891 2980 1087 3038 misericordia
1105 2979 1192 3058 v'olgi.

200 3075 380 3146 Defensores
414 3074 525 3150 o‘ppido
559 3074 657 3132 idonei
687 3075 856 3150 deliguntur.
904 3084 950 3136 16.
973 3076 1205 3153 Vercingetorix

157 3175 360 3240 nominoribus
380 3171 535 3231 Caesarem
554 3173 701 3232 itineribus
717 3174 906 3251 subsequitur
926 3186 954 3233 et
975 3176 1071 3234 locum
1092 3177 1198 3238 castris

202 3271 300 3347 deligit
320 3271 472 3347 paludibus
493 3271 627 3347 silvisque
647 3272 791 3329 munitum
812 3275 849 3331 ab
868 3274 992 3332 Avarico
1015 3275 1101 3351 longe
1115 3275 1196 3334 milia

201 3385 339 3442 passuum
361 3386 437 3429 xva·
467 3368 511 3427 lbi
535 3387 586 3447 per
611 3378 704 3428 certos
728 3371 924 3446 exploratores
948 3372 978 3431 in
1001 3373 1115 3450 singula
1137 3375 1195 3433 diei

202 3472 341 3540 tempora,
356 3485 430 3544 quae
449 3469 488 3527 ad
498 3467 661 3527 'Avaricum
679 3480 840 3544 agerentur,
856 3472 1209 3550 cognoscebataet,-quid»
