2650 3918
107 192 201 262 2—5.
351 193 397 240 ua
418 196 529 250 uarro
549 195 702 246 vcsrrrrrco
725 197 835 252 coum
864 194 895 245 r.
1059 181 1100 266 85

105 303 306 416 magnitudine
325 363 378 420 per
391 346 505 405 medios
527 346 600 406 fines
618 347 813 406 Treverorum
827 346 979 431 a‘fiumine
994 343 1100 404 Rheno

104 439 142 497 ad
162 439 276 500 initium
302 441 463 503 Remorum
486 444 619 520 pertinet,
639 445 748 504 bellum
771 463 872 521 parare
895 445 1023 516 instituit,
1049 443 1102 502 sed

104 546 298 616 posteaquam
319 543 451 601 nonnulli
468 545 614 621 principes
633 561 669 602 ex
684 561 718 602 ea
733 543 846 602 civitate
868 553 897 602 et
911 543 1101 624 familiaritate

104 635 300 716 Cingetorigis
320 642 437 702 adducti
457 652 485 701 et
500 643 626 702 adventu
639 643 732 702 nostri
746 643 887 701 exercitus
906 643 1047 718 perterriti
1062 643 1100 701 ad

28 771 30 776 ·
104 734 260 796 Caesarem
278 750 419 799 venerunt
440 751 469 800 et
489 741 526 800 de
547 743 605 800 suis
626 741 757 818 privatim
778 743 865 800 rebus
887 742 924 800 ab
946 760 982 802 eo
1002 743 1130 852 pateret

104 846 273 911 coeperunt,
295 839 435 914 quoniam
456 840 561 900 civitati
582 839 734 900 consulere
755 859 817 898 non
837 850 967 916 possent,
985 803 1099 911 veritus,
1190 853 1193 858 '

104 951 142 992 ne
177 935 215 992 ab
243 937 379 996 omnibus
396 939 603 1016 desereretur,
636 935 878 1018 [indutiomarus]
913 939 1026 1014 legatos
1061 938 1100 998 ad

104 1029 263 1092 Caesarem
284 1035 387 1095 mittit:
416 1035 488 1096 Sese
509 1037 617 1097 idcirco
639 1038 676 1096 ab
699 1039 758 1096 suis
783 1037 931 1097 discedere
952 1047 1040 1114 atque
1061 1036 1100 1096 ad

104 1147 172 1188 eum
194 1132 291 1191 venire
311 1119 478 1203 noluisse
459 1154 530 1242 quo
556 1131 666 1196 facilius
690 1137 834 1196 civitatem
854 1136 885 1194 in
908 1135 1005 1194 officio
1018 1147 1099 1236 eon.-

102 1229 212 1301 tineret,
235 1249 272 1289 ne
291 1233 388 1292 omnis
408 1205 563 1316 nobilitatis
587 1228 718 1296 discessu
742 1235 824 1311 plebs
848 1243 967 1311 propter
990 1199 1099 1309 impru·
1114 1248 1146 1286 10

104 1319 232 1388 dentiam
253 1310 415 1390 laberetur:
443 1333 540 1410 itaque
562 1352 626 1394 esse
649 1335 793 1392 civitatem
817 1334 848 1391 in
872 1351 925 1392 sua
947 1342 999 1409 po
987 1341 1129 1405 estate

90 1426 235 1504 seseque,
267 1430 291 1488 si
323 1429 431 1490 Caesar
461 1433 645 1508 permitteret,
625 1423 718 1494 tad
749 1451 817 1490 eum
847 1433 878 1490 in
909 1443 1002 1492 castra
1030 1450 1100 1491 ven·

104 1537 209 1600 turum,
235 1547 302 1587 suas
335 1531 515 1607 civitatisque
539 1531 670 1590 fortunas
698 1531 760 1590 eius
790 1529 857 1591 fidei
880 1531 1098 1607 permissurum.

82 1631 134 1684 04.
163 1624 280 1699 Caesar,
305 1628 360 1687 etsi
384 1629 576 1705 intellegebat,
605 1648 663 1707 qua
687 1630 724 1691 de
753 1645 841 1688 eausa
865 1647 900 1688 ea
928 1630 1097 1700 dicerentur,
1120 1611 1126 1626 ’

103 1742 236 1801 quaeque
263 1744 331 1785 eum
355 1747 401 1786 res
421 1713 467 1808 (ab
494 1729 625 1788 instituto
657 1714 856 1821 consilio)det
857 1738 970 1800 erreret,
990 1738 1097 1800 tamen,
1113 1755 1166 1807 15.

103 1841 140 1882 ne
155 1833 296 1884 aestatem
316 1826 356 1882 Ιιι
369 1826 504 1888 Treveris
528 1846 699 1886 consumere
706 1811 884 1938 {cogeretud
901 1827 1037 1886 omnibus
1060 1827 1098 1885 ad
1159 1831 1163 1837 “

102 1920 301 1982 Britannicum
321 1925 429 1984 bellum
451 1927 537 1986 rebus
556 1925 737 2002 comparatis,
755 1925 986 1987 Indutiomarum
1008 1925 1045 1984 ad
1067 1943 1098 1984 se

103 2039 171 2079 curn
193 2021 325 2081 ducentis
346 2024 496 2083 obsidibus
517 2025 614 2083 venire
634 2025 723 2084 iussit
767 2023 824 2082 His
846 1997 1080 2106 adductis,(in”
1060 2041 1098 2082 us

91 2118 162 2188 ¹lilio
184 2121 414 2198 propinquisque
439 2123 501 2181 eius
528 2124 673 2195 omnibus,
702 2141 775 2199 quas
798 2122 970 2186 nominatim
995 2137 1098 2179 evoca-

102 2226 191 2284 verat,
227 2220 393 2286 consolatus
427 2220 659 2284 Indutiomarum
690 2219 879 2296 hortatusque
913 2229 965 2291 est,
996 2219 1037 2277 uti
1067 2219 1098 2276 in
1112 2241 1145 2280 ao,

102 2317 200 2377 officio
215 2329 363 2393 maneret;
385 2305 475 2379 nillilo
489 2330 588 2378 tamen
604 2321 697 2380 secius
712 2320 890 2396 principibus
904 2319 1098 2378 Treverorum
1157 2389 1160 2399 A

103 2415 141 2473 ad
169 2433 201 2491 se
230 2419 398 2478 convocatis
430 2419 485 2478 hos
517 2419 649 2496 singillat
642 2438 682 2477 ιιιι
711 2417 891 2494 Cingetorigi
925 2417 1192 2539 οοιιοΙΙΙινΙι,Μ

102 2515 186 2591 quod
210 2533 278 2574 cum
306 2517 409 2576 merito
430 2517 491 2577 eius
520 2537 538 2577 a
566 2536 597 2577 se
617 2519 678 2576 fieri
699 2517 893 2594 intellegebat,
915 2527 977 2575 turn
998 2509 1161 2612 magni

101 2613 241 2672 iuteresse
269 2615 460 2674 arbitrabatur
487 2616 549 2676 eius
576 2616 778 2675 auctoritatem
810 2617 885 2674 inter
912 2633 981 2674 suos
980 2632 1098 2721 quam
1197 2603 1202 2616 ⁶

101 2711 260 2787 plurimum
288 2713 396 2786 valere,
419 2715 500 2774 cuius
528 2725 588 2772 tam
615 2715 764 2811 egregiam
797 2714 827 2771 in
860 2733 891 2774 se
917 2671 1049 2796 voluntat
1008 2717 1097 2771 ttem
1111 2729 1142 2782 ²⁵

100 2810 307 2887 perspexisset.
349 2811 385 2870 Id
407 2813 469 2872 tulit
490 2813 600 2872 factum
621 2815 713 2889 gravit
713 2833 744 2872 er
765 2791 999 2884 Indutiomarus,
1014 2829 1098 2870 suam

100 2911 225 2986 gratiam
246 2909 320 2968 inter
341 2928 410 2970 suos
438 2911 536 2983 minui,
559 2922 587 2970 et
608 2912 657 2988 qui
678 2912 736 2990 iam
758 2921 824 2970 ante
845 2913 964 2971 inimico
984 2912 1015 2969 in
1042 2927 1097 2968 nos

100 3008 319 3079 animofuisset,
328 3008 420 3067 multo
429 3010 544 3085 gravius
554 3009 612 3068 hoc
627 2985 728 3068 dolore
738 2989 877 3121 exarsit]
893 3016 923 3070 5.
944 3007 1001 3068 Hrs
1010 3009 1097 3066 rebus

100 3107 264 3173 constitutis
282 3106 392 3174 Caesar
405 3108 443 3166 ad
456 3117 574 3184 portum
593 3107 681 3166 Itium
696 3126 763 3166 cum
779 3107 943 3184 legionibus
959 3105 1095 3183 pervenit.

98 3205 145 3266 Ibi
144 3169 329 3282 ιοὲιιιιὲὸὶιΧ
342 3223 381 3264 ux
402 3224 499 3279 naves,
520 3225 595 3283 quae
616 3207 646 3272 in
667 3205 775 3265 Meldis
799 3206 892 3265 factae
912 3214 1002 3275 erant,
1024 3213 1096 3260 tem·
1110 3218 1141 3268 ιο

97 3316 210 3382 pestate
233 3305 354 3364 reiectas
377 3322 492 3362 cursum
513 3313 611 3364 tenere
635 3323 697 3362 non
721 3304 850 3381 potuisse
872 3313 959 3380 atque
982 3300 1096 3370 eodem,

97 3406 176 3465 unde
219 3414 301 3464 erant
336 3401 493 3480 profectae,
534 3402 702 3476 revertisse;
744 3403 868 3478 reliquas
906 3409 1020 3476 paratas
1059 3395 1097 3457 ad

96 3503 297 3582 navigandum
347 3512 432 3578 atque
459 3502 611 3571 *omnibus
657 3503 743 3560 rebus
787 3502 939 3558 instructas
979 3496 1096 3556 invenit.
