2650 3918
200 205 260 274 132
394 261 414 267 ,-
529 199 558 249 Ο.
581 201 675 248 IULII
695 199 867 248 GAESARIS
1057 253 1061 260 Ι
1147 198 1193 247 vt.

197 351 302 422 ¹eodem
322 351 481 410 occiderint
499 351 624 422 castello,
636 360 703 409 ante
718 350 819 410 oculos
839 359 960 426 ponunt.
1004 348 1070 408 Tali
1089 349 1195 408 timore

196 450 333 508 omnibus
368 450 523 525 perterritis
561 449 747 508 confirmatur
782 449 883 525 opinio
918 449 1055 518 barbaris,
1090 458 1121 506 ut
1155 467 1193 506 ex

196 550 309 625 captivo
345 550 502 620 audierant,
538 549 649 608 nullum
685 568 749 608 esse
783 549 859 607 intus
896 547 1080 624 praesidium.
1122 547 1191 606 Per·

194 666 329 724 rumpere
350 648 479 706 nituntur
500 667 589 725 seque
611 648 666 724 ipsi
687 648 883 718 adhortantur,
900 665 938 704 ne
955 656 1065 705 tantam
1080 646 1190 705 fortun-

166 764 243 820 sam
266 765 303 804 ex
323 747 458 805 manibus
482 747 636 806 dimittant.
678 753 731 806 38.
752 745 822 804 Erat
845 763 931 820 aeger
953 763 1020 804 cum
1044 743 1191 821 praesidio

194 843 308 902 relictus
340 844 459 904 Publius
492 845 607 904 Sextius
636 845 770 916 Baculus,
803 845 852 921 qui
879 845 1005 920 primurn
1033 843 1123 919 pilum
1151 843 1190 902 ad

194 940 349 1001 Caesarem
375 944 503 1015 duxerat,
532 945 613 1002 cuius
641 944 821 1002 mentionem
850 943 1044 1017 superioribus
1072 941 1189 1016 proeliis

192 1040 323 1112 fecimus,
344 1059 379 1100 ac
401 1042 478 1101 diem
498 1043 557 1100 iam
578 1043 712 1119 quintum
733 1042 799 1099 cibo
819 1051 954 1100 caruerat.
997 1041 1056 1100 Hic
1078 1041 1188 1099 diffisus

193 1158 262 1199 suae
286 1150 372 1215 atque
397 1141 529 1198 omniurn
556 1141 638 1198 saluti
659 1140 777 1198 inermis
802 1157 839 1196 ex
865 1139 1051 1198 tabernaculo
1074 1139 1188 1215 prodit:

150 1261 179 1296 ro
192 1238 270 1296 videt
283 1239 433 1298 imminere
447 1222 546 1297 hostes
564 1248 650 1315 atque
665 1238 695 1295 in
710 1255 825 1295 summo
845 1255 910 1295 esse
929 1256 992 1296 rem
1006 1236 1187 1297 discrimine:

192 1337 268 1412 capit
296 1356 375 1395 arma
400 1356 418 1395 a
446 1339 586 1414 proximis
615 1347 702 1413 atque
726 1337 755 1394 in
780 1345 863 1412 porta
891 1337 1032 1396 consistit.
1075 1335 1187 1396 Conse·

192 1445 318 1510 quuntur
343 1435 420 1495 hunc
446 1437 628 1495 centuriones
653 1435 714 1492 eius
743 1433 894 1519 cohortis.
909 1452 983 1511 quae
1007 1435 1038 1492 in
1063 1437 1187 1494 statione

191 1543 265 1591 erat:
296 1535 444 1611 paulisper
464 1553 524 1592 una
545 1534 687 1611 proelium
709 1534 861 1591 sustinent.
903 1532 1052 1610 Relinquit
1071 1535 1187 1596 animus

192 1631 322 1690 Sextium
350 1634 484 1708 gravibus
513 1633 639 1708 acceptis
667 1631 851 1689 vulneribus:
887 1649 973 1706 aegre
1001 1651 1053 1708 per
1080 1650 1187 1696 manus

147 1748 177 1806 ¹⁵
192 1738 297 1788 tractus
323 1741 456 1790 servatur.
496 1731 568 1807 ¹Hoc
594 1731 688 1807 spatio
710 1729 880 1804 interposito
902 1729 1003 1805 reliqui
1027 1747 1090 1788 sese
1113 1748 1186 1789 con·

190 1825 305 1887 firmant
339 1839 459 1901 tanturn,
494 1840 525 1889 ut
560 1831 589 1888 in
624 1828 832 1886 munitionibus
867 1827 1025 1886 consistere
1059 1828 1187 1887 audeant

190 1927 375 2003 speciemque
409 1928 595 1987 defensorum
623 1928 790 2004 praebeant.
833 1931 885 1984 39.
907 1924 1027 1984 Interim
1052 1925 1188 1988 confecta

189 2021 410 2085 frumentatione
442 2027 546 2086 milites
577 2026 667 2084 nostri
696 2025 855 2083 clamorem
884 2023 1059 2086 exaudiunt:
1100 2043 1186 2100 prae·

188 2133 306 2182 currunt
335 2127 464 2200 equites;
502 2137 612 2202 quanto
638 2143 683 2183 res
714 2124 750 2182 sit
777 2123 807 2180 in
835 2121 964 2198 periculo
991 2133 1184 2196 cognoscunt.

143 2218 247 2284 quic
261 2239 330 2280 vero
349 2223 426 2281 nulla
445 2225 567 2282 munitio
587 2233 638 2293 est,
658 2240 733 2299 quae
754 2218 918 2297 perterritos
937 2220 1070 2295 recipiat:
1092 2221 1185 2280 modo

187 2320 343 2395 conscripti
358 2331 444 2396 atque
459 2340 528 2380 usus
546 2321 675 2380 militaris
695 2319 819 2396 imperiti
838 2317 874 2377 ad
894 2318 1040 2376 tribunum
1060 2319 1184 2379 militum

187 2416 428 2494 centurionesque
457 2436 508 2477 ora
535 2427 721 2477 convertunt:
756 2417 827 2493 quid
855 2417 892 2474 ab
919 2415 963 2474 his
991 2417 1183 2494 praecipiatur

186 2525 364 2589 exspectant.
393 2515 505 2574 Nemo
534 2528 578 2575 est
601 2530 660 2575 tam
684 2516 775 2586 fortis,
804 2515 874 2592 quin
896 2515 937 2572 rei
964 2517 1092 2582 novitate¹
1118 2535 1183 2593 per-

186 2612 321 2669 turbetur.
364 2612 483 2672 Barbari
518 2615 601 2690 signa
632 2614 733 2690 procul
767 2614 925 2689 conspicati
960 2615 1184 2690 oppugnatione

141 2731 171 2779 25
186 2706 341 2767 desistunt:
377 2711 486 2770 redisse
513 2713 608 2788 primo
638 2712 770 2788 legiones
804 2713 934 2784 credunt,
962 2731 1035 2789 quas
1065 2712 1188 2788 longius,

186 2806 353 2892 discessisse
374 2828 410 2867 ex
430 2811 549 2886 captivis
571 2820 787 2886 cognoverant:
811 2820 914 2886 postea
935 2811 1072 2887 despecta
1091 2828 1181 2886 pauc·

185 2906 253 2987 itate
278 2924 314 2964 ex
337 2909 473 2967 omnibus
498 2910 627 2985 partibus
652 2910 794 2984 impetum
818 2904 935 2968 faciunt.
977 2915 1032 2978 40.
1054 2907 1183 2976 Calones

184 3003 214 3063 in
239 3005 404 3078 proximum
429 3007 570 3065 tumulum
596 3015 778 3086 procurrunt.
819 3006 899 3066 Hinc
925 3007 1053 3066 celeriter
1076 3006 1181 3069 deiecti

183 3118 216 3158 se
248 3101 277 3158 in
312 3102 394 3177 signa
421 3105 643 3182 manipulosque
672 3100 832 3162 coniciunt:
869 3123 905 3164 eo
938 3106 1032 3181 magis
1062 3104 1181 3166 timidos

139 3233 174 3286 30,
183 3209 342 3276 perterrent
363 3201 476 3261 milites.
519 3203 585 3275 Alii,
606 3221 701 3261 cuneo
722 3202 799 3262 lacto
820 3213 852 3262 ut
876 3203 1005 3276 celeriter
1028 3221 1181 3282 perrump-

183 3306 242 3368 ant,
274 3309 402 3370 censent,
436 3301 575 3377 quoniam
604 3311 664 3360 tam
691 3302 856 3378 propinqua
883 3303 940 3361 sint
968 3311 1069 3374 castra,
1098 3311 1128 3362 et
1156 3303 1194 3366 si.

183 3395 366 3473 parsaliqua
387 3398 580 3458 circumventa
602 3399 746 3471 ceciderit,
768 3408 797 3457 at
817 3400 944 3477 reliquos
965 3401 1070 3460 servari
1091 3419 1180 3477 posse

184 3491 335 3578 confidunt
344 3514 353 3568 ;
382 3497 437 3572 alii,
455 3507 487 3560 ut
503 3499 533 3557 in
551 3499 620 3576 iugo
641 3494 909 3578 consistant'atque
928 3499 1053 3576 eundern
1074 3517 1191 3574 omnes¹
1217 3580 1221 3589 ¹
