2650 3918
200 189 264 260 '110
447 221 450 226 ·
526 209 555 259 c.
578 204 671 256 turn
693 205 865 256 cassinis
1053 231 1057 238 ·
1160 203 1191 261 v,

199 375 274 432 quae
302 365 345 415 est
373 349 470 415 civitas
498 357 639 434 imprimis
666 357 748 415 firma
775 366 804 416 et
830 375 955 432 magnae
988 355 1062 414 inter
1088 355 1192 417 Gallos

198 455 381 524 auctoritatis,
402 454 585 526 Cavarinum,
603 469 691 531 quem
708 455 816 514 Caesar
833 456 912 533 apud
932 473 985 514 eos
1003 447 1103 530 regem
1120 473 1191 514 cond

198 554 333 626 stituerat,
348 555 429 613 cuius
442 553 529 614 frater
543 552 721 630 Moritasgus
735 554 860 612 adventu
875 555 905 612 in
920 553 1043 612 Galliam
1058 551 1190 613 Caesaris

197 654 335 730 cuiusque
363 654 486 714 maiores
514 671 637 730 regnum
665 653 857 725 obtinuerant,
885 654 1045 712 interficere
1072 653 1189 728 publico

168 769 182 818 5
197 753 317 812 consilio
339 755 445 824 conati,
468 771 534 810 cum
555 752 602 810 ille
619 753 826 828 praesensisset
843 771 877 812 ac
896 752 1079 829 profugisset,
1096 771 1190 829 usque

196 851 233 911 ad
254 851 327 910 fines
352 851 472 910 insecuti
494 868 586 926 regno
608 850 757 926 domoque
780 849 951 927 expulerunt
971 860 1008 922 et,
1030 851 1126 910 missis
1150 851 1189 910 ad

195 947 350 1008 Caesarem
373 948 565 1008 satisfaciendi
587 966 674 1006 causa
694 948 803 1024 legatis,
827 930 893 1008 cum
914 948 938 1007 is
959 967 1078 1007 omnem
1096 949 1135 1007 ad
1157 967 1188 1008 se

194 1058 325 1107 senatum
361 1049 457 1106 venire
491 1046 630 1117 iussisset,
668 1046 745 1104 dicto
781 1048 931 1105 audientes
965 1064 1027 1105 non
1061 1046 1186 1106 fuerunt

193 1147 322 1207 Tantum
344 1147 421 1222 apud
441 1146 574 1204 homines
596 1143 735 1204 barbaros
756 1147 850 1218 valuit,
871 1165 936 1205 esse
957 1146 1069 1222 aliquos
1090 1154 1186 1222 rep'er⁴

149 1259 179 1297 10
192 1255 238 1304 tos
270 1245 414 1324 principes
441 1242 581 1302 inferendi
609 1243 684 1315 belli,
713 1252 880 1321 tantamque
908 1245 1045 1303 omnibus
1072 1245 1186 1303 volunt·

192 1353 271 1403 atum
292 1343 552 1402 commutationem
571 1341 672 1412 attulit,
692 1350 724 1399 ut
743 1349 856 1416 praeter
875 1341 996 1401 Aeduos
1016 1352 1045 1401 et
1064 1343 1184 1416 RemoS,

191 1459 264 1519 quos
287 1441 443 1518 praecipuo
466 1458 582 1516 semper
603 1439 715 1498 honore
740 1438 849 1498 Caesar
872 1439 979 1513 habuit,
1001 1441 1105 1500 alteros
1128 1457 1183 1519 pro

190 1548 284 1597 vetere
312 1558 346 1597 ac
371 1547 512 1614 perpetua
536 1555 605 1613 erga
629 1538 771 1614 populum
796 1537 965 1597 Romanum
989 1539 1054 1611 fide,
1079 1540 1184 1599 alteros

190 1653 244 1713 pro
265 1638 427 1696 recentibus
452 1635 554 1696 Gallici
575 1636 641 1694 belli
662 1636 772 1708 officiis,
794 1637 871 1696 nulla
895 1636 956 1696 fere
977 1637 1075 1696 civitas
1099 1637 1183 1697 fuerit

147 1743 175 1802 '15
189 1753 251 1794 non
278 1743 412 1811 suspecta
436 1729 530 1792 nobis.
572 1734 667 1810 quue
694 1734 768 1792 adeo
791 1735 869 1793 haud
896 1736 958 1794 scio
981 1736 1183 1795 mirandumne

190 1834 234 1905 sit,
256 1852 323 1892 cum
341 1833 536 1910 compluribus
557 1833 619 1892 aliis
641 1832 677 1890 de
699 1833 801 1904 causis,
819 1841 880 1890 tum
897 1835 1030 1906 maxime,
1048 1834 1128 1910 quod
1145 1835 1181 1905 ei,

189 1933 239 2010 qui
263 1933 364 1993 virtute
388 1932 455 1991 belli
478 1932 613 1992 omnibus
641 1931 776 2007 gentibus
803 1931 1046 2008 praeferebantur,
1067 1942 1181 1992 tantum

189 2047 220 2090 se
245 2031 306 2090 eius
331 2029 477 2107 opinionis
503 2029 707 2106 deperdidisse,
733 2039 805 2088 uta
829 2027 939 2106 populo
964 2030 1101 2088 Romano
1126 2031 1183 2088 im·

187 2130 267 2206 peria
293 2129 458 2205 perferrent,
487 2127 655 2205 gravissime
684 2128 829 2188 dolebant.
883 2135 935 2186 55.
961 2127 1082 2205 Treveri
1110 2145 1180 2188 vero

145 2247 174 2282 πο
188 2237 273 2303 atque
302 2227 519 2286 Indutiomarus
550 2227 638 2285 totius
670 2225 773 2284 hiemis
804 2226 914 2285 nullum
945 2236 1060 2303 tempus
1091 2227 1179 2285 inter·

187 2325 335 2396 miserunt,
363 2326 433 2402 quin
461 2333 540 2383 trans
567 2324 705 2382 Rhenum
732 2325 843 2400 legatos
870 2325 1022 2394 mitterent,
1051 2324 1178 2383 civitates

188 2422 383 2492 sollicitarent,
405 2407 544 2497 pecunias
568 2423 780 2498 pollicerentur,
802 2441 908 2498 magna
929 2433 1010 2499 parte
1035 2423 1178 2482 exercitus

188 2521 279 2578 nostri
299 2519 447 2579 interfecta
467 2519 558 2578 multo
575 2522 718 2578 minorem
740 2539 890 2596 superesse
909 2521 1036 2580 dicerent
1055 2531 1177 2598 partem·

189 2617 293 2695 Neque
317 2627 414 2676 tamen
437 2617 486 2675 ulli
509 2618 613 2676 civitati
640 2617 855 2678 Germanorum
882 2620 1048 2696 persuaderi
1074 2621 1176 2697 potuit,

144 2737 172 2787 25
189 2726 219 2775 ut
240 2713 376 2776 Rhenum
397 2717 536 2787 transiret,
558 2735 625 2775 cum
654 2735 684 2776 se
705 2717 749 2776 bis
773 2725 907 2794 'expertos
935 2719 1069 2791 dicerent,
1090 2719 1176 2779 Ario-

186 2816 249 2874 visti
281 2815 357 2874 bello
390 2824 418 2873 et
446 2813 658 2874 Tencterorum
691 2817 829 2875 transitu:
864 2835 924 2874 non
957 2835 1020 2876 esse
1052 2820 1175 2896 amplius

184 2916 331 2975 fortunam
368 2924 569 2992 temptaturos.
620 2913 687 2974 Hac
725 2934 777 2991 spe
819 2915 917 2991 lapsus
958 2916 1175 2978 indutiomarus

185 3016 273 3076 nihilo
301 3015 397 3072 minus
430 3015 531 3090 copias
565 3031 678 3106 cogere,
707 3033 849 3084 exercere,
878 3033 895 3074 a
923 3015 1049 3074 finitimis
1081 3033 1174 3092 equos

184 3133 293 3194 parare,
322 3112 419 3171 exules
447 3113 658 3189 damnatosque
686 3123 747 3171 tota
774 3111 870 3171 Gallia
897 3114 1012 3189 magnis
1039 3114 1174 3192 praemiis

139 3221 171 3282 30
184 3216 222 3274 ad
246 3232 277 3272 se
302 3213 413 3271 allicere
439 3212 542 3288 coepit.
586 3213 636 3270 Ac
657 3221 766 3270 tantam
795 3213 848 3270 sibi
875 3212 933 3272 iam
961 3212 1005 3272 his
1030 3213 1115 3272 rebus
1142 3214 1174 3272 in

184 3311 278 3372 Gallia
298 3311 495 3370 auctoritatem
517 3320 740 3385 comparaverat,
762 3319 793 3368 ut
814 3311 942 3386 undique
964 3311 1091 3370 adeum
1113 3311 1174 3388 leg-

184 3411 294 3469 ationes
336 3418 547 3480 concurrerent,
583 3406 705 3484 gratiam
739 3418 826 3487 atque
862 3409 1018 3468 amicitiam
1056 3411 1173 3487 publice

183 3508 371 3586 privatimque
389 3515 527 3585 peterent.
571 3511 623 3566 50.
645 3505 703 3565 Ubi
722 3507 860 3567 intellexit
873 3507 947 3568 ultro
967 3507 1005 3566 ad
1024 3527 1056 3570 se
1071 3509 1170 3580 veniri,
