2686 3910
131 209 269 296 2'34-26.
358 225 404 272 or
425 226 533 272 narro
558 222 707 273 satureo
727 183 840 275 'corum
867 225 944 274 vrrr.
1073 225 1131 296 ¹95
1213 281 1215 287 ,

131 377 201 434 satis
216 375 313 434 firmas
329 361 401 434 duas
415 376 544 451 legiones
558 376 666 434 habere
681 377 869 435 existimabat.
913 373 951 433 T.
966 373 1131 432 Labienum

133 475 170 534 ad
192 493 223 534 se
245 485 364 547 evocat‚·
387 473 534 551 legionem
555 483 652 534 autem
674 495 720 546 xv,
743 495 819 553 quae
842 494 908 535 curn
930 494 966 534 eo
988 475 1079 534 fuerat
1100 476 1130 532 in

132 573 268 644 hibernis,
297 575 327 631 in
359 585 489 650 togatam
522 573 646 634 Galliam
678 576 763 633 mittit
795 563 831 633 ad
863 569 993 632 colonias
1026 574 1131 630 civium

133 671 337 731 Romanorum
362 674 492 744 tuendas,
518 691 555 730 ne
583 673 664 749 quod
691 672 784 731 simile
812 673 1033 732 incommodum
1057 673 1132 729 acci-

133 770 212 829 deret
234 772 405 830 decursione
427 773 625 842 barbarorum,
647 789 681 829 ac
703 768 852 846 superiore
874 780 981 829 aestate
1003 769 1159 846 Terges·5

132 869 199 927 tinis
238 869 390 941 acciderat,
426 871 475 945 qui
513 871 666 945 repentino
704 870 854 928 latrocinio
895 880 981 945 atque
1020 869 1131 944 impetu

132 983 235 1026 eorum
249 978 329 1026 erant
343 969 485 1043 oppressi.
527 969 596 1043 Ipse
614 967 652 1026 ad
672 967 829 1026 vastandos
849 967 1132 1044 depopulandosque

132 1065 207 1124 fines
235 1057 414 1142 Ambiorigis
442 1066 647 1143 proficiscitur;
681 1084 768 1142 quem
797 1067 977 1142 perterritum
1002 1083 1036 1123 ac
1058 1064 1131 1140 fugi·

132 1174 230 1223 entem
254 1183 322 1223 cum
349 1165 441 1240 redigi
463 1183 551 1241 posse
579 1166 609 1222 in
634 1183 717 1223 suam
742 1175 916 1240 potestatem
941 1165 1131 1240 desperasset,

132 1264 298 1340 proximum
328 1267 396 1322 s'uae
430 1264 577 1338 dignitatis
605 1283 669 1322 esse
698 1265 831 1335 ducebat,
860 1264 934 1322 adeo
964 1264 1037 1321 fines
1069 1264 1131 1321 eius
1146 1279 1178 1315 ro

132 1373 245 1422 vastare
277 1365 396 1434 civibus,
426 1364 573 1435 aedificiis,
601 1381 716 1438 pecore,
746 1373 777 1421 nt
809 1365 878 1422 odio
909 1381 1029 1422 suorum
1060 1363 1132 1420 Am-

132 1463 288 1532 biorix,'si
317 1479 392 1536 quos
419 1461 535 1519 fortuna
562 1462 689 1538 reliquos
717 1463 842 1533 fecisset,
869 1462 981 1540 nullum
1008 1461 1133 1520 reditum

132 1571 252 1636 propter
273 1569 370 1619 tantas
390 1561 567 1618 calamitates
589 1561 708 1620 haberet
732 1563 763 1618 in
785 1562 938 1620 civitatem.
981 1567 1032 1620 25.
1056 1559 1134 1618 Cum

131 1660 164 1716 in
185 1677 290 1716 omnes
311 1667 407 1734 partes
426 1659 527 1716 finium
548 1660 726 1736 Ambiorigis
738 1671 786 1718 aut
806 1661 937 1736 legiones
958 1669 1007 1718 aut
1028 1657 1134 1718 auxilia

132 1757 289 1815 dimisisset
308 1766 395 1832 atque
410 1757 509 1815 omnia
529 1757 675 1827 caedibus,
690 1759 841 1830 incendiis,
856 1759 965 1834 rapinis
984 1765 1133 1827 vastasset,
1150 1767 1178 1818 ¹5

132 1874 250 1931 magno·
269 1873 392 1912 numero
420 1855 571 1913 hominum
600 1855 751 1914 interfecto
780 1869 832 1914 aut
854 1866 941 1932 capto
969 1855 1134 1914 Labienum

133 1970 202 2012 cum
224 1955 337 2012 duabus
359 1954 523 2030 legionibus
544 1955 574 2010 in
596 1953 742 2013 Treveros
764 1955 866 2027 mittit;
892 1972 1016 2032 quorum
1035 1953 1134 2011 civitas
1197 1957 1199 1961 ’

132 2062 253 2132 propter
281 2050 457 2111 Germaniae
485 2053 660 2111 vicinitatem
688 2053 842 2111 cotidianis
870 2053 1025 2112 exercitata
1052 2050 1135 2109 bellis

131 2152 213 2211 'cultu
234 2161 262 2210 et
283 2151 394 2208 feritate
415 2169 477 2210 non
498 2150 621 2208 multum
647 2170 664 2210 a
686 2150 842 2210 Germanis
866 2151 1018 2210 differebat
1038 2166 1134 2225 neque

133 2253 275 2326 imperata
295 2255 436 2325 umquam
457 2250 512 2307 nisi
533 2250 661 2308 exercitu
682 2258 784 2308 coacta
805 2249 938 2308 iaciebat.
985 2301 988 2305 .
1055 2289 1057 2292 -
1147 2269 1179 2302 no

176 2355 227 2408 26.
250 2348 370 2406 Interim
391 2347 481 2407 Gaius
497 2347 637 2406 Caninius
656 2347 778 2422 legatus,
793 2344 859 2406 cur'n
879 2355 1019 2423 magnam
1037 2346 1134 2404 multi·

133 2448 267 2506 tudinem
302 2448 474 2505 convenisse
509 2446 638 2506 hostium
673 2446 703 2504 in
732 2446 810 2505 fines
846 2429 1000 2504 Pictonum
1034 2445 1134 2504 litteris

133 2546 300 2621 nuntiisque
335 2543 438 2602 Durati
467 2555 666 2621 cognosceret,
695 2546 745 2621 qui
773 2555 915 2621 perpetuo
950 2545 980 2602 in
1009 2543 1135 2602 amicitia

134 2655 282 2703 manserat
311 2644 523 2716 Romanorum,
552 2663 620 2703 cum
651 2663 719 2722 pars
752 2645 896 2721 quaedam
925 2644 1044 2703 civitatis
1073 2645 1135 2702 eius

134 2742 297 2812 defecisset,
325 2743 364 2801 ad
391 2743 534 2819 oppidum
566 2744 733 2802 Lemonum
765 2744 923 2802 contendit.
967 2741 1037 2814 Quo
1067 2759 1134 2800 cum
1150 2755 1179 2814 25

134 2842 304 2900 adventaret
338 2852 425 2919 atque
457 2861 493 2900 ex
525 2842 643 2918 captivis
675 2843 780 2900 certius
813 2851 1003 2916 cognosceret
1037 2840 1134 2898 multis

134 2940 288 2999 hominum
320 2941 435 3000 milibus
467 2959 484 2998 a
515 2940 680 3006 Dumnaco,
710 2939 784 2998 duce
812 2939 951 3010 Andium,
981 2938 1135 2998 Duratium

134 3023 267 3097 clausum
290 3037 415 3098 Lemoni
440 3039 604 3116 oppugnari
628 3057 724 3115 neque
752 3039 880 3096 infirmas
907 3039 1038 3114 legiones
1065 3037 1135 3095 hos·

134 3139 211 3197 tibus
250 3140 430 3196 committere
470 3139 597 3208 auderet,
637 3149 730 3195 castra
768 3138 866 3213 posuit
905 3137 972 3196 loco
1012 3135 1132 3192 munito.

134 3235 315 3307 Dumnacua
334 3254 401 3294 curn
421 3237 657 3314 appropinquare
678 3235 834 3294 Caninium
854 3244 1020 3311 cognosset,
1041 3231 1134 3307 copiis
1148 3259 1180 3308 30

135 3335 272 3393 omnibus
294 3335 332 3392 ad
356 3335 486 3410 legiones
507 3335 656 3395 conversis
678 3345 772 3392 castra
794 3333 998 3393 Romanorum
1019 3347 1134 3406 oppug-

134 3451 204 3492 nare
245 3433 375 3491 instituit.
433 3433 508 3491 Cum
544 3433 709 3509 complures
747 3433 809 3492 dies
850 3433 879 3488 in
915 3430 1135 3505 oppugnatione

134 3531 366 3606 consumpsisset
385 3541 413 3590 et
431 3549 542 3606 magno
562 3549 681 3589 suorum
702 3531 875 3589 detrimento
894 3528 1004 3586 nullam
1022 3539 1135 3604 partem

133 3631 330 3688 munitionum
362 3630 524 3688 convellere
559 3633 710 3706 potuisset,
743 3645 840 3686 rursus
872 3626 910 3687 ad
940 3625 1136 3685 obsidendum

662 3743 713 3786 οε
