2686 3910
221 167 282 236 192
630 163 665 214 A.
689 162 810 212 rrrrrrrr
1144 163 1218 209 vrrr.

159 313 169 336 ’
219 312 347 370 hostium
368 314 489 372 consilio
511 315 602 373 nostri
623 314 660 372 ad
681 313 882 390 proeliandum
902 311 1002 370 animo
1023 319 1108 386 atque
1130 311 1218 368 armis

220 411 311 485 parati
332 429 399 470 cum
421 412 664 489 subsequentibus
683 413 847 489 legionibus
866 410 974 468 nullam
996 409 1215 467 dimicationem

218 521 392 582 recusarent,
421 511 568 570 turmatim
591 512 622 569 in
643 529 709 570 eum
731 511 828 569 locum
850 508 1035 567 devenerunt.
1079 506 1215 578 Quorum

219 607 345 666 adventu
364 627 432 668 cum
451 611 506 668 sibi
520 608 647 668 Correus
665 609 794 668 oblatam
814 607 1000 666 occasionem
1015 607 1056 664 rei
1070 605 1216 682 gerendae

192 727 206 776 5
220 706 403 778 existimaret,
424 708 550 784 primum
569 726 636 766 cum
650 708 751 784 paucis
773 725 805 765 se
826 705 953 764 ostendit
968 715 1054 782 atque
1068 705 1099 761 in
1114 705 1212 780 proxi-

219 821 282 864 mas
310 814 419 864 turmas
447 805 589 882 impetum
616 805 692 864 fecit.
735 805 836 864 Nostri
870 814 1034 863 constanter
1062 804 1210 860 incursum

219 904 360 962 sustinent
381 905 590 975 insidiatorum,
613 923 707 982 neque
732 904 828 980 plures
853 903 994 968 inunum
1019 901 1118 960 locum
1142 918 1215 959 con-

219 1003 337 1061 veniunt
344 1022 352 1075 ;
382 1003 462 1079 quod
480 1004 650 1079 plerumque
671 1002 850 1080 equestribus
870 1001 986 1078 proeliis
1006 1019 1073 1058 cum
1095 1013 1214 1077 propter

218 1101 344 1176 aliquem
358 1101 493 1159 timorem
505 1102 619 1173 accidit,
634 1111 695 1160 turn
714 1100 897 1159 multitudine
912 1101 1041 1176 ipsorum
1058 1099 1214 1158 detrimen-

176 1211 279 1262 rotum
308 1199 454 1275 accipitur.
509 1206 560 1261 19.
583 1199 659 1259 Cum
687 1200 834 1278 dispositis
858 1199 960 1258 turmis
984 1199 1014 1255 in
1038 1199 1130 1256 vicem
1159 1201 1214 1258 rari

219 1297 424 1374 proeliarentur
445 1317 540 1375 neque
558 1300 595 1357 ab
615 1299 750 1357 lateribus
771 1298 968 1356 circumveniri
990 1315 1058 1356 suos
1080 1309 1213 1374 pateren-

219 1407 272 1465 tur,
292 1406 447 1471 erumpunt
465 1398 552 1455 ceteri
567 1396 677 1456 Correo
691 1398 849 1473 proeliante
863 1415 899 1455 ex
919 1396 1003 1455 silvis.
1046 1395 1091 1452 Fit
1105 1415 1213 1472 magna

219 1493 407 1551 contentione
436 1495 581 1553 diversum
609 1495 758 1570 proelium.
802 1494 893 1566 Quod
920 1513 988 1554 cum
1017 1494 1122 1552 diutius
1150 1497 1213 1571 pari

219 1590 313 1648 Marte
329 1592 454 1665 iniretur,
469 1593 607 1670 paulatim
622 1613 659 1652 ex
674 1594 749 1652 silvis
763 1594 902 1653 instructa
913 1593 1066 1651 multitudo
1080 1595 1213 1668 procedit

175 1716 203 1764 15
219 1692 357 1768 pediturn,
392 1710 467 1768 quae
500 1703 617 1751 nostros
652 1693 749 1768 coe'git
781 1692 884 1752 cedere
919 1693 1039 1768 equites.
1096 1692 1213 1767 Quibus

216 1789 345 1848 celeriter
364 1792 538 1850 subveniunt
557 1791 627 1850 levis
643 1802 804 1850 armaturae
823 1792 944 1868 pedites,
966 1809 1041 1866 quos
1062 1799 1129 1848 ante
1150 1792 1212 1868 leg·

217 1891 299 1950 iones
314 1889 419 1948 missos
434 1891 529 1960 docui,
545 1891 702 1966 turmisque
717 1901 884 1949 nostrorum
898 1890 1059 1966 interpositi
1073 1901 1212 1950 constan-

217 1999 260 2047 ter
294 1989 477 2065 proeliantur.
520 1990 670 2066 Pugnatur
700 1989 877 2066 aliquamdiu
909 1989 972 2066 pari
1003 1978 1192 2050 contentione
1204 2013 1211 2063 ;

216 2087 329 2158 deinde,
348 2097 379 2145 ut
400 2089 473 2148 ratio
494 2090 661 2166 postulabat
681 2089 791 2165 proelii,
813 2089 862 2165 qui
882 2088 1078 2147 sustinuerant
1098 2089 1211 2164 primos

172 2212 203 2246 20
216 2187 340 2262 impetus
361 2187 538 2258 insidiarum,
556 2188 613 2247 hoc
633 2188 698 2263 ipso
716 2187 788 2246 fiunt
810 2187 981 2263 superiores
999 2186 1080 2262 quod
1100 2186 1211 2246 nullum

215 2285 253 2342 ab
298 2284 498 2343 insidiantibus
532 2285 730 2360 imprudentes
777 2292 949 2360 acceperant
996 2284 1209 2344 detrimentum.

215 2381 367 2439 Accedunt
388 2383 508 2458 propius
532 2383 646 2442 interim
670 2383 809 2460 legiones
835 2383 983 2458 crebrique
1007 2382 1113 2442 eodem
1138 2394 1210 2443 tem-

215 2496 286 2554 pore
311 2488 340 2536 et
362 2481 467 2539 nostris
492 2491 521 2540 et
544 2481 676 2539 hostibus
701 2482 794 2538 nuntii
817 2480 982 2551 afferuntur,
1004 2481 1211 2556 imperatorem

213 2577 359 2634 instructis
380 2579 473 2654 copiis
493 2578 605 2638 adesse.
659 2579 727 2652 Qua
748 2598 779 2637 re
801 2579 919 2654 cognita
940 2579 1085 2654 praesidio
1104 2580 1210 2638 cohor-

169 2702 199 2750 25
214 2675 285 2732 tium
306 2676 408 2736 confisi
430 2677 522 2736 nostri
543 2677 681 2737 acerrime
703 2678 887 2754 proeliantur,
909 2696 956 2748 ne,
977 2677 1001 2735 si
1021 2678 1130 2738 tardius
1148 2697 1210 2738 rem

213 2775 379 2849 gessissent,
404 2777 539 2835 victoriae
558 2777 680 2853 gloriam
702 2776 935 2835 communicasse
957 2794 1025 2834 cum
1045 2776 1210 2854 legionibus

213 2871 375 2931 viderentur
383 2893 391 2946 ;
414 2875 514 2934 hostes
529 2875 687 2934 concidunt
702 2875 807 2934 animis
825 2884 910 2950 atque
927 2873 1076 2933 itineribus
1091 2875 1211 2935 diversis

212 2968 311 3044 sugam
323 2983 464 3046 quaerunt
479 2975 675 3050 nequiquam:
699 2992 768 3032 narn
782 2973 888 3049 quibus
902 2971 1114 3032 difficultatibus
1128 2973 1210 3034 loco-

212 3086 276 3125 rum
291 3068 446 3129 Romanos
461 3072 593 3130 claudere
608 3072 767 3149 voluerant,
783 3071 817 3129 iis
838 3071 894 3146 ipsi
908 3073 1088 3130 tenebantur.
1132 3072 1210 3134 Victi

168 3195 200 3246 30
212 3173 310 3223 tamen
331 3170 513 3246 perculsique
534 3171 644 3229 maiore
665 3180 746 3247 parte
767 3169 873 3228 amissa
894 3171 1070 3228 consternati
1091 3171 1210 3250 profug-

210 3262 272 3320 iunt
293 3265 397 3339 partim
416 3267 493 3326 silvis
512 3269 616 3344 petitis,
636 3270 739 3345 partim
757 3268 885 3339 flumine,
900 3269 949 3344 qui
966 3279 1065 3326 tamen
1086 3270 1116 3328 in
1138 3269 1210 3346 fuga

211 3375 229 3414 a
242 3362 347 3420 nostris
363 3365 464 3424 acriter
478 3367 696 3445 insequentibus
710 3367 909 3437 conficiuntur,
922 3385 989 3425 cum
1003 3366 1116 3426 interim
1132 3370 1211 3428 nulla

210 3456 370 3520 calamitate
391 3465 483 3524 victus
508 3466 634 3525 Correus
654 3465 794 3524 excedere
813 3467 923 3542 proelio
947 3467 1088 3543 silvasque
1109 3477 1208 3543 petere

164 3635 167 3642 A
211 3561 259 3608 aut
282 3554 466 3623 invitantibus
488 3566 593 3626 nostris
621 3565 658 3625 ad
681 3564 860 3624 deditionem
884 3566 977 3643 potuit
999 3565 1113 3638 adduci,
1136 3567 1208 3644 quin
