2686 3910
215 195 275 260 170
398 186 409 228 .·
443 185 457 192 ”
540 197 568 245 o.
592 195 687 244 rurrr
708 189 879 245 cassatus
1079 227 1082 238 .
1153 197 1213 255 vn.

218 355 221 362 '
253 349 308 404 68.
330 337 453 421 Fugato
468 347 549 405 omni
572 348 700 423 equitatu
721 346 943 422 Vercingetorix
969 347 1078 422 copias,
1103 355 1135 402 ut
1156 363 1213 420 pro

212 443 312 501 castris
334 444 532 516 collocaverat,
553 445 667 504 reduxit
687 446 877 522 protinusque
898 445 1035 514 Alesiam,
1057 445 1138 521 quod
1167 455 1213 502 est

211 541 353 616 oppidum
374 540 611 613 Mandubiorum,
633 544 686 602 iter
710 542 805 602 facere
827 543 924 618 coepit
948 543 1135 618 celeriterque
1155 542 1211 598 im-

210 639 378 713 pedimenta
401 659 437 699 ex
460 642 561 700 castris
582 641 666 699 educi
691 650 720 699 et
745 659 776 699 se
800 641 938 716 subsequi
959 641 1049 699 iussit.
1099 640 1211 698 Caesar

181 735 423 812 5impedimentis
440 740 472 797 in
490 740 656 815 proximum
677 739 780 797 collem
803 739 933 797 deductis
954 738 1066 797 duabus
1087 739 1209 816 legioni-

208 836 263 893 bus
294 837 439 912 praesidio
473 837 577 896 relictis
610 849 733 908 secutus,
762 848 903 912 quantum
931 838 989 896 diei
1019 847 1135 913 tempus
1164 848 1209 897 est

207 951 335 1009 passum,
350 935 461 993 circiter
480 936 570 993 tribus
590 935 705 994 milibus
719 935 847 994 hostium
864 955 901 994 ex
916 936 1073 994 novissimo
1088 937 1207 1012 agmine

206 1031 362 1091 interfectis
390 1033 480 1091 altero
508 1033 555 1091 die
586 1033 623 1091 ad
650 1033 779 1092 Alesiam
807 1044 901 1092 castra
932 1033 1007 1093 fecit.
1049 1034 1206 1110 Perspecto

206 1129 284 1188 urbis
304 1130 360 1189 situ
373 1131 584 1207 perterritisque
604 1130 744 1202 hostibus,
758 1131 838 1207 quod
853 1133 990 1208 equitatu,
1006 1150 1064 1208 qua
1077 1133 1206 1190 maxime

163 1247 193 1282 10
206 1237 287 1303 parte
321 1230 463 1288 exercitus
499 1230 694 1301 confidebant,
729 1241 810 1289 erant
844 1231 928 1314 pulsi,
964 1230 1132 1289 adhortatus
1167 1232 1206 1289 ad

205 1325 335 1384 laborem
362 1327 467 1386 milites
494 1329 707 1387 circumvallare
742 1329 871 1387 instituit.
936 1335 992 1388 69.
1014 1327 1115 1404 Ipsum
1143 1343 1205 1388 erat

205 1424 347 1500 oppidum
371 1425 470 1486 Alesia
494 1427 523 1484 in
546 1427 619 1486 colle
643 1444 759 1485 summo
782 1427 944 1486 admodum
967 1427 1046 1486 edito
1074 1427 1148 1498 loco,
1173 1439 1204 1485 ut

204 1521 259 1579 nisi
281 1523 434 1583 obsidione
456 1525 617 1602 expugnari
641 1544 702 1583 non
722 1543 811 1601 posse
832 1525 975 1584 videretur
982 1546 990 1598 3
1019 1526 1100 1583 cuius
1121 1526 1203 1585 collis

204 1619 316 1679 radices
342 1622 400 1680 duo
423 1623 535 1682 duabus
557 1642 594 1681 ex
617 1625 746 1700 partibus
765 1623 885 1681 flumina
899 1622 1079 1682 subluebant
1124 1624 1203 1684 Ante

160 1748 190 1798 15
204 1718 234 1776 id
248 1719 391 1794 oppidum
405 1721 544 1797 planicies
556 1722 666 1780 circiter
680 1721 759 1779 milia
773 1738 914 1797 passuum
930 1722 983 1779 tria
1002 1721 1031 1779 in
1045 1722 1201 1798 longitudi-

203 1834 272 1874 nem
293 1819 426 1894 patebat:
452 1820 568 1896 reliquis
588 1839 624 1878 ex
645 1820 781 1877 omnibus
803 1819 931 1896 partibus
952 1819 1045 1904 colles.
1060 1821 1202 1906 mediocri

203 1915 353 1974 interiecto
373 1918 467 1993 spatio
486 1919 549 1994 pari
569 1919 726 1976 altitudinis
745 1917 860 1994 fastigio
880 1916 1021 1994 oppidum
1036 1900 1201 1994 cingebant.

204 2013 264 2072 Sub
287 2033 381 2087 muro,
403 2035 479 2093 quae
500 2036 568 2094 pars
589 2018 670 2076 collis
695 2017 733 2076 ad
758 1995 900 2076 orientem
925 2018 1018 2076 solem
1031 2021 1200 2094 'spectabat

201 2112 279 2172 bunc
299 2132 419 2174 omnem
433 2116 531 2175 locum
550 2118 652 2193 copiae
673 2115 825 2174 Gallorum
839 2116 1054 2192 compleverant
1074 2117 1199 2177 fossam-

158 2233 188 2278 ιο
201 2230 259 2288 que
282 2224 311 2272 et
335 2216 491 2273 maceriam
513 2234 565 2275 sex
588 2216 619 2273 in
643 2213 822 2274 altitudinem
841 2215 955 2290 pedum
978 2214 1197 2291 praeduxerant.

201 2311 272 2369 Eius
300 2313 477 2386 munitionis,
500 2331 575 2389 quae
603 2315 640 2372 ab
664 2313 807 2372 Romanis
829 2314 1037 2384 instituebatur,
1063 2315 1198 2374 circuitus

203 2428 233 2467 xr
257 2412 335 2469 milia
361 2431 502 2488 passuum
529 2413 652 2470 tenebat.
694 2410 798 2470 Castra
825 2413 996 2488 opportunis
1020 2412 1092 2471 locis
1116 2425 1198 2473 erant

201 2508 297 2582 posita
313 2510 410 2586 ibique
425 2511 541 2570 castella
563 2529 637 2568 xxur
653 2509 744 2582 facta;
766 2511 870 2587 quibus
888 2511 917 2568 in
930 2511 1059 2586 castellis
1073 2513 1198 2572 interdiu

201 2607 340 2667 stationes
367 2609 558 2683 ponebantur,
586 2627 622 2666 ne
651 2626 708 2683 qua
736 2610 830 2667 subito
858 2610 971 2685 eruptio
1000 2610 1095 2668 fieret:
1124 2611 1197 2670 haec

158 2719 187 2783 215
202 2703 304 2762 eadem
333 2717 422 2765 noctu
446 2707 661 2765 excubitoribus
683 2725 716 2764 ac
738 2707 826 2766 firmis
847 2707 1002 2785 praesidiis
1015 2710 1194 2768 tenebantur.

201 2814 252 2869 70.
277 2805 375 2880 Opere
397 2805 526 2862 instituto
554 2805 585 2863 fit
612 2813 745 2880 equestre
772 2806 916 2882 proelium
943 2807 974 2864 in
991 2792 1036 2865 'ea
1062 2808 1196 2883 planicie,

201 2924 290 2982 quam
310 2904 505 2963 intermissam
526 2903 647 2962 collibus
668 2904 721 2960 tria
742 2904 821 2962 milia
841 2923 980 2981 passuum
999 2905 1030 2962 in
1048 2905 1196 2982 longitud-

200 3005 279 3062 inem
293 3013 391 3079 patere
406 3021 494 3078 supra
511 3002 779 3061 demonstravimus.
823 3002 944 3063 Summa
964 3005 991 3061 vi
1011 3007 1048 3062 ab
1067 3006 1197 3080 utrisque

200 3101 391 3163 contenditur.
434 3101 647 3160 Laborantibus
674 3101 780 3160 nostris
805 3101 912 3160 Caesar
936 3102 1101 3162 Germanos
1130 3105 1197 3162 sub-

154 3229 187 3276 30
199 3202 284 3260 mittit
298 3201 487 3277 legionesque
499 3217 554 3276 pro
574 3202 674 3260 castris
691 3201 848 3271 constituit,
864 3219 901 3260 ne
919 3222 976 3279 qua
991 3205 1086 3262 subito
1103 3206 1197 3281 irrup-

199 3302 239 3358 tio
263 3301 300 3357 ab
327 3298 454 3357 hostium
483 3297 611 3373 peditatu
638 3299 695 3359 fiat.
746 3299 895 3358 Praesidio
919 3302 1067 3376 legionum
1095 3302 1197 3363 addito

198 3399 304 3456 nostris
325 3399 440 3456 animus
462 3406 600 3473 augetur:
629 3398 728 3457 hostes
751 3398 782 3456 in
809 3397 910 3474 lugam
934 3399 1058 3458 coniecti
1083 3418 1114 3458 se
1140 3401 1197 3477 ipsi

197 3495 378 3554 multitudine
405 3486 571 3575 impediunl
600 3506 686 3574 atque
713 3497 934 3574 ¹angustioribus
966 3499 1057 3576 portis
1089 3499 1197 3561 relictis

1143 3597 1162 3620 s
