2630 3916
366 623 402 692 e.
446 621 569 688 rurrr
608 583 848 688 cAnsAnrs

206 874 305 955 DE
365 873 615 955 BELLO
673 870 1009 954 GALLICO

354 1133 640 1218 connnuranrus
667 1143 858 1195 SECUNDUS.

408 1357 479 1420 B.C.
502 1372 548 1436 57.
591 1356 703 1420 A.U.C.
724 1361 794 1436 ⁶97·

350 1612 441 1663 Defeat
457 1612 487 1663 ol
499 1613 542 1663 the
558 1612 662 1678 Belgian
678 1611 854 1676 Consederacy.

138 1851 164 1904 1.
189 1841 263 1902 Con
280 1852 357 1902 esset
376 1842 485 1904 Caesar
502 1844 533 1902 in
552 1843 683 1903 citeriore
701 1843 796 1904 Gallia
812 1845 843 1904 in
856 1845 992 1920 hibernis,
1007 1849 1046 1908 ita
1059 1845 1102 1908 uti

97 1960 189 2019 supra
209 1941 480 2014 demonstravimus,
495 1943 587 2001 crebri
607 1942 644 2001 ad
662 1961 730 2002 eum
749 1961 881 2003 rumores
898 1944 1102 2020 afferebantur,

96 2040 258 2117 litterisque
280 2039 349 2098 item
368 2040 492 2100 Labieni
512 2042 616 2100 certior
636 2041 725 2100 fiebat
745 2059 850 2101 omnes
874 2041 989 2118 Belgas,
1011 2061 1101 2119 quam

96 2142 214 2202 tertiam
245 2159 310 2200 esse
338 2140 450 2200 Galliae
481 2150 594 2218 partem
626 2140 800 2211 dixeramus,
828 2149 931 2199 contra
958 2141 1100 2217 populum

98 2239 271 2300 Romanum
290 2239 441 2298 coniurare
461 2238 636 2314 obsidesque
655 2237 729 2295 inter
748 2255 780 2296 se
800 2238 877 2298 dare.
920 2237 1129 2300 Coniurandi5

97 2337 153 2397 has
172 2355 237 2396 esse
256 2355 378 2398 causas:
399 2337 525 2414 primum
547 2337 627 2413 quod
645 2344 819 2408 vererentur,
837 2339 882 2396 ne‘
894 2338 976 2398 omni
995 2347 1101 2415 pacata

99 2433 196 2496 Gallia
223 2435 261 2493 ad
286 2453 337 2494 eos
358 2435 501 2502 exereitus
521 2433 834 2494 noster.adduceretur
844 2453 854 2508 ;
882 2434 997 2508 deinde,
1018 2435 1101 2513 quod

98 2532 137 2591 ab
156 2532 306 2592 nonnullis
325 2532 416 2592 Gallis
435 2533 664 2604 sollicitarentur,
682 2533 787 2608 partim
806 2533 912 2610 quint
933 2534 1101 2593 Germanos

97 2627 207 2686 diutius
242 2627 273 2684 in
306 2627 402 2687 Gallia
435 2628 541 2686 versari
571 2628 733 2698 noluerant,
764 2627 803 2686 ita
834 2627 935 2705 populi
970 2627 1114 2702 Romani,

97 2724 259 2783 exercitum
285 2724 413 2785 hiemare
442 2736 529 2802 atque
556 2726 766 2785 inveterascere
794 2726 825 2784 in
852 2725 948 2785 Gallia
975 2727 1099 2785 moleste
1116 2740 1147 2782 ιο

94 2823 239 2892 ferebant,
272 2825 376 2900 partim
411 2825 460 2902 qui
491 2824 651 2883 mobilitate
681 2833 710 2882 et
740 2823 853 2884 levitate
888 2825 979 2883 animi
1012 2826 1097 2886 novis

95 2921 229 2997 imperiis
257 2922 419 2994 studebant,
445 2924 483 2982 ab
509 2922 656 2982 nonnullis
683 2922 780 2996 etiam,
802 2921 883 3000 quod
905 2923 937 2981 in
962 2922 1057 2983 Gallia
1081 2943 1099 2984 a

95 3020 312 3096 potentioribus
352 3031 438 3098 atque
475 3021 519 3093 iis,
555 3022 604 3098 qui
642 3021 681 3081 ad
716 3021 926 3080 conducendos
963 3021 1099 3082 homines

94 3118 248 3177 facultates
273 3118 427 3191 habebant,
448 3119 536 3196 volgo
560 3138 652 3196 regna
675 3121 902 3196 occupabantur,
927 3119 977 3197 qui
1001 3121 1098 3179 minus

94 3215 182 3276 facile
203 3235 270 3276 earn
284 3236 347 3275 rem
367 3218 490 3296 imperio
510 3228 611 3278 nostro
634 3218 776 3295 consequi
797 3227 942 3295 poterant.
984 3223 1014 3278 2.
1039 3216 1098 3275 His
1114 3233 1145 3290 ¹⁵

92 3315 206 3374 nuntiis
242 3314 401 3392 litterisque
439 3327 604 3377 commotus
641 3315 751 3376 Caesar
789 3316 862 3376 duas
896 3316 1026 3392 legiones
1065 3314 1096 3374 in

91 3413 227 3474 citeriore
253 3413 350 3473 Gallia
373 3431 465 3473 novas
488 3415 661 3491 conscripsit
684 3424 713 3473 et
736 3414 807 3476 inita
831 3423 948 3486 aestate,
969 3415 1000 3472 in
1024 3412 1098 3472 inte·

91 3513 204 3571 riorern
229 3511 356 3572 Galliam
381 3513 432 3590 qui
460 3512 624 3586 deduceret,
650 3512 794 3585 Quintum
819 3509 942 3571 Pedium
969 3510 1098 3590 legatum

585 3627 607 3668 o
