<?xml version="1.0" encoding="UTF-8"?>
<!DOCTYPE html PUBLIC "-//W3C//DTD XHTML 1.0 Transitional//EN"
    "http://www.w3.org/TR/xhtml1/DTD/xhtml1-transitional.dtd">
<html xmlns="http://www.w3.org/1999/xhtml" xml:lang="en" lang="en">
 <head>
  <title>
</title>
<meta http-equiv="Content-Type" content="text/html;charset=utf-8" />
  <meta name='ocr-system' content='tesseract 3.04.00' />
  <meta name='ocr-capabilities' content='ocr_page ocr_carea ocr_par ocr_line ocrx_word'/>
</head>
<body>
  <div class='ocr_page' id='page_1' title='image "./commentariescju00hirtgoog_0071.png"; bbox 0 0 2630 3916; ppageno 0'>
   <div class='ocr_carea' id='block_1_1' title="bbox 171 203 1175 270">
    <p class='ocr_par' dir='ltr' id='par_1_1' title="bbox 171 203 1175 270">
     <span class='ocr_line' id='line_1_1' title="bbox 171 203 1175 270; baseline -0.003 -17"><span class='ocrx_word' id='word_1_1' title='bbox 171 206 217 270; x_wconf 70' lang='lat' dir='ltr'>aa,</span> <span class='ocrx_word' id='word_1_2' title='bbox 395 207 397 212; x_wconf 91' lang='lat'>·</span> <span class='ocrx_word' id='word_1_3' title='bbox 498 204 529 254; x_wconf 88' lang='lat' dir='ltr'>e.</span> <span class='ocrx_word' id='word_1_4' title='bbox 551 205 645 253; x_wconf 80' lang='lat' dir='ltr'>turn</span> <span class='ocrx_word' id='word_1_5' title='bbox 670 203 844 256; x_wconf 76' lang='lat' dir='ltr'>causante</span> <span class='ocrx_word' id='word_1_6' title='bbox 869 205 875 210; x_wconf 48' lang='lat'>¹·</span> <span class='ocrx_word' id='word_1_7' title='bbox 1024 239 1026 244; x_wconf 58' lang='grc'>,</span> <span class='ocrx_word' id='word_1_8' title='bbox 1137 206 1175 250; x_wconf 88' lang='lat'>11.</span> 
     </span>
    </p>
   </div>
   <div class='ocr_carea' id='block_1_2' title="bbox 78 354 1238 3592">
    <p class='ocr_par' dir='ltr' id='par_1_2' title="bbox 78 354 1238 3592">
     <span class='ocr_line' id='line_1_2' title="bbox 172 354 1211 434; baseline 0.006 -22"><span class='ocrx_word' id='word_1_9' title='bbox 172 354 343 414; x_wconf 85' lang='lat' dir='ltr'>lassitudine</span> <span class='ocrx_word' id='word_1_10' title='bbox 375 355 557 416; x_wconf 87' lang='lat' dir='ltr'>exanimatos</span> <span class='ocrx_word' id='word_1_11' title='bbox 587 357 811 434; x_wconf 86' lang='lat' dir='ltr'>vulneribusque</span> <span class='ocrx_word' id='word_1_12' title='bbox 839 356 990 416; x_wconf 86' lang='lat' dir='ltr'>confectos</span> <span class='ocrx_word' id='word_1_13' title='bbox 1021 355 1177 416; x_wconf 81' lang='lat' dir='ltr'>Atrebates</span> <span class='ocrx_word' id='word_1_14' title='bbox 1210 415 1211 418; x_wconf 74' lang='grc'>,</span> 
     </span>
     <span class='ocr_line' id='line_1_3' title="bbox 174 452 1177 544; baseline 0 -32"><span class='ocrx_word' id='word_1_15' title='bbox 174 452 258 532; x_wconf 91' lang='lat' dir='ltr'>(nam</span> <span class='ocrx_word' id='word_1_16' title='bbox 275 454 322 544; x_wconf 73' lang='lat' dir='ltr'>liis</span> <span class='ocrx_word' id='word_1_17' title='bbox 342 472 378 512; x_wconf 89' lang='lat' dir='ltr'>ea</span> <span class='ocrx_word' id='word_1_18' title='bbox 399 472 467 530; x_wconf 89' lang='lat' dir='ltr'>pars</span> <span class='ocrx_word' id='word_1_19' title='bbox 488 457 669 538; x_wconf 69' lang='lat' dir='ltr'>obvenerat)v</span> <span class='ocrx_word' id='word_1_20' title='bbox 682 457 811 516; x_wconf 84' lang='lat' dir='ltr'>celeriter</span> <span class='ocrx_word' id='word_1_21' title='bbox 831 474 868 514; x_wconf 84' lang='lat' dir='ltr'>ex</span> <span class='ocrx_word' id='word_1_22' title='bbox 889 455 956 514; x_wconf 92' lang='lat' dir='ltr'>loco</span> <span class='ocrx_word' id='word_1_23' title='bbox 978 454 1128 531; x_wconf 86' lang='lat' dir='ltr'>superiore</span> <span class='ocrx_word' id='word_1_24' title='bbox 1146 455 1177 512; x_wconf 92' lang='lat' dir='ltr'>in</span> 
     </span>
     <span class='ocr_line' id='line_1_4' title="bbox 174 551 1177 629; baseline 0 -19"><span class='ocrx_word' id='word_1_25' title='bbox 174 552 284 611; x_wconf 88' lang='lat' dir='ltr'>flumen</span> <span class='ocrx_word' id='word_1_26' title='bbox 313 553 516 629; x_wconf 88' lang='lat' dir='ltr'>compulerunt</span> <span class='ocrx_word' id='word_1_27' title='bbox 544 563 574 612; x_wconf 92' lang='lat' dir='ltr'>et</span> <span class='ocrx_word' id='word_1_28' title='bbox 601 555 722 613; x_wconf 88' lang='lat' dir='ltr'>transire</span> <span class='ocrx_word' id='word_1_29' title='bbox 750 563 891 614; x_wconf 85' lang='lat' dir='ltr'>conantes</span> <span class='ocrx_word' id='word_1_30' title='bbox 922 553 1046 612; x_wconf 91' lang='lat' dir='ltr'>insecuti</span> <span class='ocrx_word' id='word_1_31' title='bbox 1073 551 1177 627; x_wconf 84' lang='lat' dir='ltr'>gladiis</span> 
     </span>
     <span class='ocr_line' id='line_1_5' title="bbox 174 652 1178 729; baseline 0.002 -20"><span class='ocrx_word' id='word_1_32' title='bbox 174 668 314 727; x_wconf 89' lang='lat' dir='ltr'>magnam</span> <span class='ocrx_word' id='word_1_33' title='bbox 328 661 440 727; x_wconf 90' lang='lat' dir='ltr'>partem</span> <span class='ocrx_word' id='word_1_34' title='bbox 455 671 557 711; x_wconf 91' lang='lat' dir='ltr'>eorum</span> <span class='ocrx_word' id='word_1_35' title='bbox 574 653 744 729; x_wconf 85' lang='lat' dir='ltr'>impeditam</span> <span class='ocrx_word' id='word_1_36' title='bbox 761 653 975 712; x_wconf 85' lang='lat' dir='ltr'>interfecerunt.</span> <span class='ocrx_word' id='word_1_37' title='bbox 1017 652 1079 728; x_wconf 92' lang='lat' dir='ltr'>lpsi</span> <span class='ocrx_word' id='word_1_38' title='bbox 1098 661 1178 711; x_wconf 88' lang='lat' dir='ltr'>tran·</span> 
     </span>
     <span class='ocr_line' id='line_1_6' title="bbox 145 749 1177 828; baseline 0.001 -19"><span class='ocrx_word' id='word_1_39' title='bbox 145 765 161 820; x_wconf 78' lang='lat'><strong>5</strong></span> <span class='ocrx_word' id='word_1_40' title='bbox 175 750 230 809; x_wconf 89' lang='lat' dir='ltr'>sire</span> <span class='ocrx_word' id='word_1_41' title='bbox 243 749 355 808; x_wconf 91' lang='lat' dir='ltr'>flumen</span> <span class='ocrx_word' id='word_1_42' title='bbox 373 768 435 808; x_wconf 93' lang='lat' dir='ltr'>non</span> <span class='ocrx_word' id='word_1_43' title='bbox 455 752 657 810; x_wconf 87' lang='lat' dir='ltr'>dubitaverunt</span> <span class='ocrx_word' id='word_1_44' title='bbox 676 761 705 810; x_wconf 91' lang='lat' dir='ltr'>et</span> <span class='ocrx_word' id='word_1_45' title='bbox 723 752 754 810; x_wconf 92' lang='lat' dir='ltr'>in</span> <span class='ocrx_word' id='word_1_46' title='bbox 768 752 867 811; x_wconf 92' lang='lat' dir='ltr'>locum</span> <span class='ocrx_word' id='word_1_47' title='bbox 881 751 1014 828; x_wconf 88' lang='lat' dir='ltr'>iniquum</span> <span class='ocrx_word' id='word_1_48' title='bbox 1028 752 1177 828; x_wconf 85' lang='lat' dir='ltr'>progressi</span> 
     </span>
     <span class='ocr_line' id='line_1_7' title="bbox 100 848 1177 927; baseline 0 -21"><span class='ocrx_word' id='word_1_49' title='bbox 100 873 104 882; x_wconf 94' lang='lat'>·</span> <span class='ocrx_word' id='word_1_50' title='bbox 174 867 272 907; x_wconf 89' lang='lat' dir='ltr'>rursus</span> <span class='ocrx_word' id='word_1_51' title='bbox 303 848 470 908; x_wconf 88' lang='lat' dir='ltr'>resistentes</span> <span class='ocrx_word' id='word_1_52' title='bbox 504 850 604 909; x_wconf 89' lang='lat' dir='ltr'>hostes</span> <span class='ocrx_word' id='word_1_53' title='bbox 639 850 834 927; x_wconf 89' lang='lat' dir='ltr'>redintegrato</span> <span class='ocrx_word' id='word_1_54' title='bbox 866 850 977 926; x_wconf 91' lang='lat' dir='ltr'>proelio</span> <span class='ocrx_word' id='word_1_55' title='bbox 1012 851 1043 907; x_wconf 94' lang='lat' dir='ltr'>in</span> <span class='ocrx_word' id='word_1_56' title='bbox 1075 850 1177 926; x_wconf 83' lang='lat' dir='ltr'>fugam</span> 
     </span>
     <span class='ocr_line' id='line_1_8' title="bbox 174 948 1176 1026; baseline 0.001 -19"><span class='ocrx_word' id='word_1_57' title='bbox 174 949 371 1007; x_wconf 89' lang='lat' dir='ltr'>coniecerunt.</span> <span class='ocrx_word' id='word_1_58' title='bbox 413 948 488 1007; x_wconf 91' lang='lat' dir='ltr'>Item</span> <span class='ocrx_word' id='word_1_59' title='bbox 516 948 572 1006; x_wconf 90' lang='lat' dir='ltr'>alia</span> <span class='ocrx_word' id='word_1_60' title='bbox 602 949 633 1007; x_wconf 88' lang='lat' dir='ltr'>in</span> <span class='ocrx_word' id='word_1_61' title='bbox 660 959 742 1026; x_wconf 90' lang='lat' dir='ltr'>parte</span> <span class='ocrx_word' id='word_1_62' title='bbox 771 949 900 1008; x_wconf 90' lang='lat' dir='ltr'>diversae</span> <span class='ocrx_word' id='word_1_63' title='bbox 928 950 1003 1009; x_wconf 89' lang='lat' dir='ltr'>duae</span> <span class='ocrx_word' id='word_1_64' title='bbox 1034 949 1176 1025; x_wconf 86' lang='lat' dir='ltr'>legiones,</span> 
     </span>
     <span class='ocr_line' id='line_1_9' title="bbox 175 1047 1176 1123; baseline 0.001 -19"><span class='ocrx_word' id='word_1_65' title='bbox 175 1047 330 1105; x_wconf 88' lang='lat' dir='ltr'>undecima</span> <span class='ocrx_word' id='word_1_66' title='bbox 362 1057 390 1105; x_wconf 91' lang='lat' dir='ltr'>et</span> <span class='ocrx_word' id='word_1_67' title='bbox 424 1056 535 1117; x_wconf 89' lang='lat' dir='ltr'>octava,</span> <span class='ocrx_word' id='word_1_68' title='bbox 564 1047 724 1123; x_wconf 83' lang='lat' dir='ltr'>profligatis</span> <span class='ocrx_word' id='word_1_69' title='bbox 754 1047 972 1119; x_wconf 88' lang='lat' dir='ltr'>Viromanduis,</span> <span class='ocrx_word' id='word_1_70' title='bbox 1001 1047 1176 1123; x_wconf 90' lang='lat' dir='ltr'>quibuscum</span> 
     </span>
     <span class='ocr_line' id='line_1_10' title="bbox 175 1143 1176 1222; baseline 0.002 -20"><span class='ocrx_word' id='word_1_71' title='bbox 175 1153 257 1203; x_wconf 89' lang='lat' dir='ltr'>erant</span> <span class='ocrx_word' id='word_1_72' title='bbox 281 1145 441 1220; x_wconf 87' lang='lat' dir='ltr'>congressi,</span> <span class='ocrx_word' id='word_1_73' title='bbox 465 1163 502 1206; x_wconf 84' lang='lat' dir='ltr'>ex</span> <span class='ocrx_word' id='word_1_74' title='bbox 525 1143 594 1203; x_wconf 92' lang='lat' dir='ltr'>loco</span> <span class='ocrx_word' id='word_1_75' title='bbox 619 1146 777 1221; x_wconf 87' lang='lat' dir='ltr'>superiore,</span> <span class='ocrx_word' id='word_1_76' title='bbox 797 1146 828 1203; x_wconf 94' lang='lat' dir='ltr'>in</span> <span class='ocrx_word' id='word_1_77' title='bbox 855 1146 927 1222; x_wconf 90' lang='lat' dir='ltr'>ipsis</span> <span class='ocrx_word' id='word_1_78' title='bbox 951 1145 1079 1204; x_wconf 89' lang='lat' dir='ltr'>fluminis</span> <span class='ocrx_word' id='word_1_79' title='bbox 1106 1145 1176 1222; x_wconf 90' lang='lat' dir='ltr'>ripis</span> 
     </span>
     <span class='ocr_line' id='line_1_11' title="bbox 132 1241 1175 1320; baseline 0.006 -24"><span class='ocrx_word' id='word_1_80' title='bbox 132 1259 163 1296; x_wconf 87' lang='lat' dir='ltr'>ro</span> <span class='ocrx_word' id='word_1_81' title='bbox 175 1243 398 1319; x_wconf 89' lang='lat' dir='ltr'>proeliabantur.</span> <span class='ocrx_word' id='word_1_82' title='bbox 440 1241 480 1300; x_wconf 87' lang='lat' dir='ltr'>At</span> <span class='ocrx_word' id='word_1_83' title='bbox 499 1244 568 1301; x_wconf 93' lang='lat' dir='ltr'>totis</span> <span class='ocrx_word' id='word_1_84' title='bbox 587 1242 647 1302; x_wconf 83' lang='lat' dir='ltr'>iere</span> <span class='ocrx_word' id='word_1_85' title='bbox 661 1262 682 1302; x_wconf 92' lang='lat' dir='ltr'>a</span> <span class='ocrx_word' id='word_1_86' title='bbox 700 1243 796 1302; x_wconf 82' lang='lat' dir='ltr'>fronte</span> <span class='ocrx_word' id='word_1_87' title='bbox 810 1244 848 1304; x_wconf 87' lang='lat' dir='ltr'>ad</span> <span class='ocrx_word' id='word_1_88' title='bbox 866 1253 895 1302; x_wconf 91' lang='lat' dir='ltr'>et</span> <span class='ocrx_word' id='word_1_89' title='bbox 909 1245 946 1302; x_wconf 91' lang='lat' dir='ltr'>ab</span> <span class='ocrx_word' id='word_1_90' title='bbox 967 1244 1081 1302; x_wconf 87' lang='lat' dir='ltr'>sinistra</span> <span class='ocrx_word' id='word_1_91' title='bbox 1094 1252 1175 1320; x_wconf 89' lang='lat' dir='ltr'>parte</span> 
     </span>
     <span class='ocr_line' id='line_1_12' title="bbox 175 1340 1176 1419; baseline 0.001 -20"><span class='ocrx_word' id='word_1_92' title='bbox 175 1341 291 1400; x_wconf 91' lang='lat' dir='ltr'>nudatis</span> <span class='ocrx_word' id='word_1_93' title='bbox 306 1341 415 1412; x_wconf 89' lang='lat' dir='ltr'>castris,</span> <span class='ocrx_word' id='word_1_94' title='bbox 431 1359 498 1399; x_wconf 88' lang='lat' dir='ltr'>curn</span> <span class='ocrx_word' id='word_1_95' title='bbox 516 1341 548 1399; x_wconf 92' lang='lat' dir='ltr'>in</span> <span class='ocrx_word' id='word_1_96' title='bbox 567 1340 669 1400; x_wconf 88' lang='lat' dir='ltr'>dextro</span> <span class='ocrx_word' id='word_1_97' title='bbox 684 1360 776 1400; x_wconf 89' lang='lat' dir='ltr'>cornu</span> <span class='ocrx_word' id='word_1_98' title='bbox 791 1342 869 1419; x_wconf 84' lang='lat' dir='ltr'>legio</span> <span class='ocrx_word' id='word_1_99' title='bbox 884 1342 1059 1401; x_wconf 90' lang='lat' dir='ltr'>duodecima</span> <span class='ocrx_word' id='word_1_100' title='bbox 1072 1351 1101 1400; x_wconf 93' lang='lat' dir='ltr'>et</span> <span class='ocrx_word' id='word_1_101' title='bbox 1114 1359 1176 1400; x_wconf 90' lang='lat' dir='ltr'>non</span> 
     </span>
     <span class='ocr_line' id='line_1_13' title="bbox 175 1427 1176 1515; baseline 0 -18"><span class='ocrx_word' id='word_1_102' title='bbox 175 1457 287 1515; x_wconf 88' lang='lat' dir='ltr'>magno</span> <span class='ocrx_word' id='word_1_103' title='bbox 309 1441 347 1498; x_wconf 88' lang='lat' dir='ltr'>ab</span> <span class='ocrx_word' id='word_1_104' title='bbox 367 1459 402 1499; x_wconf 90' lang='lat' dir='ltr'>ea</span> <span class='ocrx_word' id='word_1_105' title='bbox 425 1440 574 1498; x_wconf 89' lang='lat' dir='ltr'>intervallo</span> <span class='ocrx_word' id='word_1_106' title='bbox 596 1427 720 1515; x_wconf 89' lang='lat' dir='ltr'>septima</span> <span class='ocrx_word' id='word_1_107' title='bbox 740 1441 927 1510; x_wconf 91' lang='lat' dir='ltr'>constitisset,</span> <span class='ocrx_word' id='word_1_108' title='bbox 948 1459 1052 1500; x_wconf 92' lang='lat' dir='ltr'>omnes</span> <span class='ocrx_word' id='word_1_109' title='bbox 1076 1439 1176 1498; x_wconf 88' lang='lat' dir='ltr'>Nervii</span> 
     </span>
     <span class='ocr_line' id='line_1_14' title="bbox 177 1536 1177 1615; baseline 0.001 -19"><span class='ocrx_word' id='word_1_110' title='bbox 177 1538 388 1601; x_wconf 84' lang='lat' dir='ltr'>confertissimo</span> <span class='ocrx_word' id='word_1_111' title='bbox 401 1538 518 1614; x_wconf 82' lang='lat' dir='ltr'>agmine</span> <span class='ocrx_word' id='word_1_112' title='bbox 533 1537 607 1596; x_wconf 91' lang='lat' dir='ltr'>duce</span> <span class='ocrx_word' id='word_1_113' title='bbox 622 1536 828 1614; x_wconf 84' lang='lat' dir='ltr'>Boduognato,</span> <span class='ocrx_word' id='word_1_114' title='bbox 840 1540 891 1615; x_wconf 93' lang='lat' dir='ltr'>qui</span> <span class='ocrx_word' id='word_1_115' title='bbox 905 1557 1050 1597; x_wconf 89' lang='lat' dir='ltr'>summam</span> <span class='ocrx_word' id='word_1_116' title='bbox 1064 1539 1177 1614; x_wconf 91' lang='lat' dir='ltr'>imperii</span> 
     </span>
     <span class='ocr_line' id='line_1_15' title="bbox 177 1637 1176 1713; baseline -0.001 -18"><span class='ocrx_word' id='word_1_117' title='bbox 177 1637 302 1706; x_wconf 90' lang='lat' dir='ltr'>tenebat,</span> <span class='ocrx_word' id='word_1_118' title='bbox 322 1637 448 1697; x_wconf 90' lang='lat' dir='ltr'>adeum</span> <span class='ocrx_word' id='word_1_119' title='bbox 468 1637 567 1695; x_wconf 91' lang='lat' dir='ltr'>locum</span> <span class='ocrx_word' id='word_1_120' title='bbox 585 1637 818 1710; x_wconf 79' lang='lat' dir='ltr'>contenderunt3</span> <span class='ocrx_word' id='word_1_121' title='bbox 842 1654 966 1713; x_wconf 89' lang='lat' dir='ltr'>quorum</span> <span class='ocrx_word' id='word_1_122' title='bbox 987 1655 1054 1712; x_wconf 82' lang='lat' dir='ltr'>pars</span> <span class='ocrx_word' id='word_1_123' title='bbox 1075 1646 1176 1713; x_wconf 90' lang='lat' dir='ltr'>aperto</span> 
     </span>
     <span class='ocr_line' id='line_1_16' title="bbox 134 1735 1177 1811; baseline 0.002 -17"><span class='ocrx_word' id='word_1_124' title='bbox 134 1751 162 1802; x_wconf 83' lang='lat'>15</span> <span class='ocrx_word' id='word_1_125' title='bbox 176 1737 265 1794; x_wconf 89' lang='lat' dir='ltr'>latere</span> <span class='ocrx_word' id='word_1_126' title='bbox 282 1736 412 1811; x_wconf 89' lang='lat' dir='ltr'>legiones</span> <span class='ocrx_word' id='word_1_127' title='bbox 427 1735 642 1807; x_wconf 90' lang='lat' dir='ltr'>circumvenire,</span> <span class='ocrx_word' id='word_1_128' title='bbox 657 1754 725 1811; x_wconf 88' lang='lat' dir='ltr'>pars</span> <span class='ocrx_word' id='word_1_129' title='bbox 739 1754 885 1794; x_wconf 90' lang='lat' dir='ltr'>summum</span> <span class='ocrx_word' id='word_1_130' title='bbox 900 1746 1061 1794; x_wconf 87' lang='lat' dir='ltr'>castrorum</span> <span class='ocrx_word' id='word_1_131' title='bbox 1078 1736 1177 1796; x_wconf 89' lang='lat' dir='ltr'>locum</span> 
     </span>
     <span class='ocr_line' id='line_1_17' title="bbox 177 1834 1177 1913; baseline 0.002 -20"><span class='ocrx_word' id='word_1_132' title='bbox 177 1845 274 1912; x_wconf 91' lang='lat' dir='ltr'>petere</span> <span class='ocrx_word' id='word_1_133' title='bbox 290 1837 395 1912; x_wconf 90' lang='lat' dir='ltr'>coepit.</span> <span class='ocrx_word' id='word_1_134' title='bbox 451 1840 504 1892; x_wconf 85' lang='lat'>24.</span> <span class='ocrx_word' id='word_1_135' title='bbox 525 1834 640 1893; x_wconf 92' lang='lat' dir='ltr'>Eodem</span> <span class='ocrx_word' id='word_1_136' title='bbox 655 1843 788 1910; x_wconf 91' lang='lat' dir='ltr'>tempore</span> <span class='ocrx_word' id='word_1_137' title='bbox 809 1834 921 1911; x_wconf 92' lang='lat' dir='ltr'>equites</span> <span class='ocrx_word' id='word_1_138' title='bbox 935 1835 1027 1893; x_wconf 89' lang='lat' dir='ltr'>nostri</span> <span class='ocrx_word' id='word_1_139' title='bbox 1048 1835 1177 1913; x_wconf 90' lang='lat' dir='ltr'>levisque</span> 
     </span>
     <span class='ocr_line' id='line_1_18' title="bbox 177 1931 1176 2013; baseline -0.001 -21"><span class='ocrx_word' id='word_1_140' title='bbox 177 1942 338 1992; x_wconf 84' lang='lat' dir='ltr'>armaturae</span> <span class='ocrx_word' id='word_1_141' title='bbox 366 1933 487 2008; x_wconf 90' lang='lat' dir='ltr'>pedites,</span> <span class='ocrx_word' id='word_1_142' title='bbox 513 1932 563 2008; x_wconf 90' lang='lat' dir='ltr'>qui</span> <span class='ocrx_word' id='word_1_143' title='bbox 590 1950 658 1990; x_wconf 91' lang='lat' dir='ltr'>cum</span> <span class='ocrx_word' id='word_1_144' title='bbox 686 1931 720 1989; x_wconf 90' lang='lat' dir='ltr'>iis</span> <span class='ocrx_word' id='word_1_145' title='bbox 749 1949 807 1990; x_wconf 91' lang='lat' dir='ltr'>una</span> <span class='ocrx_word' id='word_1_146' title='bbox 831 1931 953 2004; x_wconf 86' lang='lat' dir='ltr'>fuerant,</span> <span class='ocrx_word' id='word_1_147' title='bbox 978 1951 1052 2008; x_wconf 93' lang='lat' dir='ltr'>quos</span> <span class='ocrx_word' id='word_1_148' title='bbox 1080 1935 1176 2013; x_wconf 89' lang='lat' dir='ltr'>primo</span> 
     </span>
     <span class='ocr_line' id='line_1_19' title="bbox 177 2023 1176 2108; baseline -0.002 -17"><span class='ocrx_word' id='word_1_149' title='bbox 177 2031 306 2091; x_wconf 90' lang='lat' dir='ltr'>hostium</span> <span class='ocrx_word' id='word_1_150' title='bbox 325 2031 436 2108; x_wconf 91' lang='lat' dir='ltr'>impetu</span> <span class='ocrx_word' id='word_1_151' title='bbox 453 2030 552 2106; x_wconf 90' lang='lat' dir='ltr'>pulsos</span> <span class='ocrx_word' id='word_1_152' title='bbox 571 2031 710 2101; x_wconf 84' lang='lat' dir='ltr'>dixeram,</span> <span class='ocrx_word' id='word_1_153' title='bbox 726 2023 794 2089; x_wconf 78' lang='lat' dir='ltr'>curn</span> <span class='ocrx_word' id='word_1_154' title='bbox 808 2049 839 2090; x_wconf 91' lang='lat' dir='ltr'>se</span> <span class='ocrx_word' id='word_1_155' title='bbox 854 2032 885 2088; x_wconf 93' lang='lat' dir='ltr'>in</span> <span class='ocrx_word' id='word_1_156' title='bbox 899 2041 993 2090; x_wconf 89' lang='lat' dir='ltr'>castra</span> <span class='ocrx_word' id='word_1_157' title='bbox 1006 2031 1176 2107; x_wconf 88' lang='lat' dir='ltr'>reciperent,</span> 
     </span>
     <span class='ocr_line' id='line_1_20' title="bbox 177 2113 1177 2208; baseline 0 -18"><span class='ocrx_word' id='word_1_158' title='bbox 177 2132 305 2190; x_wconf 87' lang='lat' dir='ltr'>adversis</span> <span class='ocrx_word' id='word_1_159' title='bbox 332 2131 464 2190; x_wconf 90' lang='lat' dir='ltr'>hostibus</span> <span class='ocrx_word' id='word_1_160' title='bbox 488 2132 680 2189; x_wconf 89' lang='lat' dir='ltr'>occurrebant</span> <span class='ocrx_word' id='word_1_161' title='bbox 707 2149 741 2190; x_wconf 88' lang='lat' dir='ltr'>ac</span> <span class='ocrx_word' id='word_1_162' title='bbox 769 2113 868 2190; x_wconf 81' lang='lat' dir='ltr'>rursus</span> <span class='ocrx_word' id='word_1_163' title='bbox 881 2131 981 2189; x_wconf 82' lang='lat' dir='ltr'>&#39;aliam</span> <span class='ocrx_word' id='word_1_164' title='bbox 1008 2131 1039 2189; x_wconf 89' lang='lat' dir='ltr'>in</span> <span class='ocrx_word' id='word_1_165' title='bbox 1064 2142 1177 2208; x_wconf 88' lang='lat' dir='ltr'>partem</span> 
     </span>
     <span class='ocr_line' id='line_1_21' title="bbox 133 2229 1176 2306; baseline 0.004 -22"><span class='ocrx_word' id='word_1_166' title='bbox 133 2230 276 2306; x_wconf 76' lang='lat' dir='ltr'>roiugam</span> <span class='ocrx_word' id='word_1_167' title='bbox 303 2230 449 2306; x_wconf 90' lang='lat' dir='ltr'>petebant,</span> <span class='ocrx_word' id='word_1_168' title='bbox 478 2239 508 2286; x_wconf 89' lang='lat' dir='ltr'>at</span> <span class='ocrx_word' id='word_1_169' title='bbox 535 2229 661 2300; x_wconf 90' lang='lat' dir='ltr'>calones,</span> <span class='ocrx_word' id='word_1_170' title='bbox 690 2229 740 2304; x_wconf 93' lang='lat' dir='ltr'>qui</span> <span class='ocrx_word' id='word_1_171' title='bbox 772 2231 809 2287; x_wconf 90' lang='lat' dir='ltr'>ab</span> <span class='ocrx_word' id='word_1_172' title='bbox 837 2230 1013 2289; x_wconf 60' lang='lat' dir='ltr'>decumana*</span> <span class='ocrx_word' id='word_1_173' title='bbox 1027 2239 1113 2305; x_wconf 90' lang='lat' dir='ltr'>porta</span> <span class='ocrx_word' id='word_1_174' title='bbox 1141 2247 1176 2288; x_wconf 88' lang='lat' dir='ltr'>ac</span> 
     </span>
     <span class='ocr_line' id='line_1_22' title="bbox 175 2327 1175 2402; baseline -0.001 -16"><span class='ocrx_word' id='word_1_175' title='bbox 175 2345 293 2386; x_wconf 89' lang='lat' dir='ltr'>summo</span> <span class='ocrx_word' id='word_1_176' title='bbox 318 2328 388 2402; x_wconf 88' lang='lat' dir='ltr'>iugo</span> <span class='ocrx_word' id='word_1_177' title='bbox 414 2327 495 2385; x_wconf 93' lang='lat' dir='ltr'>collis</span> <span class='ocrx_word' id='word_1_178' title='bbox 519 2336 635 2386; x_wconf 92' lang='lat' dir='ltr'>nostros</span> <span class='ocrx_word' id='word_1_179' title='bbox 662 2327 785 2386; x_wconf 91' lang='lat' dir='ltr'>victores</span> <span class='ocrx_word' id='word_1_180' title='bbox 809 2327 919 2386; x_wconf 90' lang='lat' dir='ltr'>flumen</span> <span class='ocrx_word' id='word_1_181' title='bbox 943 2329 1083 2401; x_wconf 37' lang='lat' dir='ltr'>transisse,</span> <span class='ocrx_word' id='word_1_182' title='bbox 1103 2346 1175 2387; x_wconf 91' lang='lat' dir='ltr'>con-</span> 
     </span>
     <span class='ocr_line' id='line_1_23' title="bbox 177 2423 1177 2502; baseline 0.003 -19"><span class='ocrx_word' id='word_1_183' title='bbox 177 2432 341 2501; x_wconf 86' lang='lat' dir='ltr'>spexerant,</span> <span class='ocrx_word' id='word_1_184' title='bbox 369 2423 528 2498; x_wconf 88' lang='lat' dir='ltr'>praedandi</span> <span class='ocrx_word' id='word_1_185' title='bbox 561 2442 650 2483; x_wconf 86' lang='lat' dir='ltr'>causa</span> <span class='ocrx_word' id='word_1_186' title='bbox 677 2425 795 2500; x_wconf 87' lang='lat' dir='ltr'>egressi,</span> <span class='ocrx_word' id='word_1_187' title='bbox 824 2444 892 2484; x_wconf 90' lang='lat' dir='ltr'>cum</span> <span class='ocrx_word' id='word_1_188' title='bbox 923 2427 1119 2502; x_wconf 84' lang='lat' dir='ltr'>respexissent</span> <span class='ocrx_word' id='word_1_189' title='bbox 1147 2435 1177 2486; x_wconf 89' lang='lat' dir='ltr'>et</span> 
     </span>
     <span class='ocr_line' id='line_1_24' title="bbox 177 2521 1231 2600; baseline 0.004 -19"><span class='ocrx_word' id='word_1_190' title='bbox 177 2523 276 2582; x_wconf 91' lang='lat' dir='ltr'>hostes</span> <span class='ocrx_word' id='word_1_191' title='bbox 297 2523 327 2580; x_wconf 91' lang='lat' dir='ltr'>in</span> <span class='ocrx_word' id='word_1_192' title='bbox 347 2521 454 2579; x_wconf 90' lang='lat' dir='ltr'>nostris</span> <span class='ocrx_word' id='word_1_193' title='bbox 475 2521 575 2580; x_wconf 88' lang='lat' dir='ltr'>castris</span> <span class='ocrx_word' id='word_1_194' title='bbox 596 2523 703 2580; x_wconf 89' lang='lat' dir='ltr'>versari</span> <span class='ocrx_word' id='word_1_195' title='bbox 724 2523 869 2594; x_wconf 91' lang='lat' dir='ltr'>vidissent,</span> <span class='ocrx_word' id='word_1_196' title='bbox 892 2523 1064 2600; x_wconf 88' lang='lat' dir='ltr'>praecipites</span> <span class='ocrx_word' id='word_1_197' title='bbox 1089 2525 1177 2600; x_wconf 83' lang='lat' dir='ltr'>fugae</span> <span class='ocrx_word' id='word_1_198' title='bbox 1226 2543 1231 2550; x_wconf 90' lang='grc'><strong><em>·</em></strong></span> 
     </span>
     <span class='ocr_line' id='line_1_25' title="bbox 178 2619 1177 2698; baseline 0.004 -18"><span class='ocrx_word' id='word_1_199' title='bbox 178 2639 242 2680; x_wconf 92' lang='lat' dir='ltr'>sese</span> <span class='ocrx_word' id='word_1_200' title='bbox 277 2619 466 2678; x_wconf 88' lang='lat' dir='ltr'>mandabant.</span> <span class='ocrx_word' id='word_1_201' title='bbox 510 2620 602 2678; x_wconf 92' lang='lat' dir='ltr'>Simul</span> <span class='ocrx_word' id='word_1_202' title='bbox 636 2639 746 2691; x_wconf 90' lang='lat' dir='ltr'>eorum,</span> <span class='ocrx_word' id='word_1_203' title='bbox 778 2621 828 2697; x_wconf 92' lang='lat' dir='ltr'>qui</span> <span class='ocrx_word' id='word_1_204' title='bbox 859 2640 927 2680; x_wconf 88' lang='lat' dir='ltr'>cum</span> <span class='ocrx_word' id='word_1_205' title='bbox 961 2622 1177 2698; x_wconf 91' lang='lat' dir='ltr'>impedimentis</span> 
     </span>
     <span class='ocr_line' id='line_1_26' title="bbox 134 2718 1177 2797; baseline 0.007 -23"><span class='ocrx_word' id='word_1_206' title='bbox 134 2737 163 2789; x_wconf 81' lang='lat'>2&#39;5</span> <span class='ocrx_word' id='word_1_207' title='bbox 177 2721 340 2790; x_wconf 90' lang='lat' dir='ltr'>veniebant,</span> <span class='ocrx_word' id='word_1_208' title='bbox 367 2718 477 2776; x_wconf 88' lang='lat' dir='ltr'>clamor</span> <span class='ocrx_word' id='word_1_209' title='bbox 504 2718 692 2796; x_wconf 85' lang='lat' dir='ltr'>fremitusque</span> <span class='ocrx_word' id='word_1_210' title='bbox 719 2721 873 2792; x_wconf 88' lang='lat' dir='ltr'>oriebatur,</span> <span class='ocrx_word' id='word_1_211' title='bbox 899 2721 1004 2797; x_wconf 87' lang='lat' dir='ltr'>aliique</span> <span class='ocrx_word' id='word_1_212' title='bbox 1032 2722 1118 2782; x_wconf 86' lang='lat' dir='ltr'>aliam</span> <span class='ocrx_word' id='word_1_213' title='bbox 1146 2725 1177 2781; x_wconf 91' lang='lat' dir='ltr'>in</span> 
     </span>
     <span class='ocr_line' id='line_1_27' title="bbox 177 2817 1238 2899; baseline 0.004 -23"><span class='ocrx_word' id='word_1_214' title='bbox 177 2829 289 2896; x_wconf 88' lang='lat' dir='ltr'>partem</span> <span class='ocrx_word' id='word_1_215' title='bbox 304 2817 443 2894; x_wconf 89' lang='lat' dir='ltr'>perterriti</span> <span class='ocrx_word' id='word_1_216' title='bbox 455 2817 628 2877; x_wconf 87' lang='lat' dir='ltr'>serebantur.</span> <span class='ocrx_word' id='word_1_217' title='bbox 671 2818 785 2891; x_wconf 89' lang='lat' dir='ltr'>Quibus</span> <span class='ocrx_word' id='word_1_218' title='bbox 800 2821 937 2879; x_wconf 88' lang='lat' dir='ltr'>omnibns</span> <span class='ocrx_word' id='word_1_219' title='bbox 951 2823 1038 2880; x_wconf 89' lang='lat' dir='ltr'>rebus</span> <span class='ocrx_word' id='word_1_220' title='bbox 1051 2822 1177 2899; x_wconf 90' lang='lat' dir='ltr'>permoti</span> <span class='ocrx_word' id='word_1_221' title='bbox 1234 2884 1238 2888; x_wconf 71' lang='grc'><strong>,</strong></span> 
     </span>
     <span class='ocr_line' id='line_1_28' title="bbox 176 2917 1178 2998; baseline 0.004 -20"><span class='ocrx_word' id='word_1_222' title='bbox 176 2919 288 2995; x_wconf 87' lang='lat' dir='ltr'>equites</span> <span class='ocrx_word' id='word_1_223' title='bbox 317 2917 445 2988; x_wconf 89' lang='lat' dir='ltr'>Treveri,</span> <span class='ocrx_word' id='word_1_224' title='bbox 472 2935 597 2994; x_wconf 91' lang='lat' dir='ltr'>quorum</span> <span class='ocrx_word' id='word_1_225' title='bbox 624 2918 697 2977; x_wconf 91' lang='lat' dir='ltr'>inter</span> <span class='ocrx_word' id='word_1_226' title='bbox 725 2918 827 2978; x_wconf 86' lang='lat' dir='ltr'>Gallos</span> <span class='ocrx_word' id='word_1_227' title='bbox 858 2920 967 2979; x_wconf 90' lang='lat' dir='ltr'>virtutis</span> <span class='ocrx_word' id='word_1_228' title='bbox 999 2922 1101 2998; x_wconf 91' lang='lat' dir='ltr'>opinio</span> <span class='ocrx_word' id='word_1_229' title='bbox 1133 2932 1178 2983; x_wconf 93' lang='lat' dir='ltr'>est</span> 
     </span>
     <span class='ocr_line' id='line_1_29' title="bbox 178 3016 1179 3094; baseline 0.001 -17"><span class='ocrx_word' id='word_1_230' title='bbox 178 3017 340 3094; x_wconf 88' lang='lat' dir='ltr'>singularis,</span> <span class='ocrx_word' id='word_1_231' title='bbox 362 3017 412 3092; x_wconf 93' lang='lat' dir='ltr'>qui</span> <span class='ocrx_word' id='word_1_232' title='bbox 432 3017 530 3075; x_wconf 84' lang='lat' dir='ltr'>auxilii</span> <span class='ocrx_word' id='word_1_233' title='bbox 550 3035 639 3075; x_wconf 91' lang='lat' dir='ltr'>causa</span> <span class='ocrx_word' id='word_1_234' title='bbox 663 3018 700 3074; x_wconf 89' lang='lat' dir='ltr'>ab</span> <span class='ocrx_word' id='word_1_235' title='bbox 722 3017 833 3076; x_wconf 90' lang='lat' dir='ltr'>civitate</span> <span class='ocrx_word' id='word_1_236' title='bbox 855 3017 893 3076; x_wconf 91' lang='lat' dir='ltr'>ad</span> <span class='ocrx_word' id='word_1_237' title='bbox 914 3016 1072 3078; x_wconf 89' lang='lat' dir='ltr'>Caesarem</span> <span class='ocrx_word' id='word_1_238' title='bbox 1095 3021 1179 3080; x_wconf 91' lang='lat' dir='ltr'>missi</span> 
     </span>
     <span class='ocr_line' id='line_1_30' title="bbox 78 3114 1179 3193; baseline 0.009 -23"><span class='ocrx_word' id='word_1_239' title='bbox 78 3165 81 3170; x_wconf 88' lang='lat'>.</span> <span class='ocrx_word' id='word_1_240' title='bbox 173 3125 323 3187; x_wconf 86' lang='lat' dir='ltr'>¹venerant,</span> <span class='ocrx_word' id='word_1_241' title='bbox 345 3134 413 3174; x_wconf 88' lang='lat' dir='ltr'>curn</span> <span class='ocrx_word' id='word_1_242' title='bbox 432 3115 614 3174; x_wconf 91' lang='lat' dir='ltr'>multitudine</span> <span class='ocrx_word' id='word_1_243' title='bbox 633 3114 762 3174; x_wconf 88' lang='lat' dir='ltr'>hostium</span> <span class='ocrx_word' id='word_1_244' title='bbox 780 3124 875 3174; x_wconf 88' lang='lat' dir='ltr'>castra</span> <span class='ocrx_word' id='word_1_245' title='bbox 894 3117 1042 3193; x_wconf 90' lang='lat' dir='ltr'>compleri,</span> <span class='ocrx_word' id='word_1_246' title='bbox 1063 3129 1179 3180; x_wconf 86' lang='lat' dir='ltr'>nostras</span> 
     </span>
     <span class='ocr_line' id='line_1_31' title="bbox 132 3213 1178 3294; baseline 0.004 -20"><span class='ocrx_word' id='word_1_247' title='bbox 132 3217 308 3292; x_wconf 65' lang='lat' dir='ltr'>selegimus</span> <span class='ocrx_word' id='word_1_248' title='bbox 323 3214 415 3291; x_wconf 89' lang='lat' dir='ltr'>premi</span> <span class='ocrx_word' id='word_1_249' title='bbox 431 3223 459 3271; x_wconf 91' lang='lat' dir='ltr'>et</span> <span class='ocrx_word' id='word_1_250' title='bbox 473 3232 567 3289; x_wconf 91' lang='lat' dir='ltr'>paene</span> <span class='ocrx_word' id='word_1_251' title='bbox 582 3213 791 3273; x_wconf 90' lang='lat' dir='ltr'>circumventas</span> <span class='ocrx_word' id='word_1_252' title='bbox 805 3213 905 3285; x_wconf 92' lang='lat' dir='ltr'>teneri,</span> <span class='ocrx_word' id='word_1_253' title='bbox 918 3215 1045 3287; x_wconf 90' lang='lat' dir='ltr'>calones,</span> <span class='ocrx_word' id='word_1_254' title='bbox 1057 3219 1178 3294; x_wconf 88' lang='lat' dir='ltr'>equites,</span> 
     </span>
     <span class='ocr_line' id='line_1_32' title="bbox 172 3311 1179 3393; baseline 0.007 -21"><span class='ocrx_word' id='word_1_255' title='bbox 172 3314 348 3383; x_wconf 69' lang='lat' dir='ltr'>funditores</span> <span class='ocrx_word' id='word_1_256' title='bbox 367 3311 511 3370; x_wconf 89' lang='lat' dir='ltr'>Numidas</span> <span class='ocrx_word' id='word_1_257' title='bbox 531 3311 660 3370; x_wconf 90' lang='lat' dir='ltr'>diversos</span> <span class='ocrx_word' id='word_1_258' title='bbox 680 3311 892 3389; x_wconf 89' lang='lat' dir='ltr'>dissipatosque</span> <span class='ocrx_word' id='word_1_259' title='bbox 912 3314 942 3371; x_wconf 92' lang='lat' dir='ltr'>in</span> <span class='ocrx_word' id='word_1_260' title='bbox 957 3333 1061 3375; x_wconf 90' lang='lat' dir='ltr'>omnes</span> <span class='ocrx_word' id='word_1_261' title='bbox 1080 3328 1179 3393; x_wconf 87' lang='lat' dir='ltr'>partes</span> 
     </span>
     <span class='ocr_line' id='line_1_33' title="bbox 177 3409 1179 3488; baseline 0.005 -18"><span class='ocrx_word' id='word_1_262' title='bbox 177 3411 278 3488; x_wconf 86' lang='lat' dir='ltr'>fugere</span> <span class='ocrx_word' id='word_1_263' title='bbox 305 3410 452 3480; x_wconf 92' lang='lat' dir='ltr'>vidissent,</span> <span class='ocrx_word' id='word_1_264' title='bbox 477 3409 636 3484; x_wconf 90' lang='lat' dir='ltr'>desperatis</span> <span class='ocrx_word' id='word_1_265' title='bbox 661 3410 767 3469; x_wconf 90' lang='lat' dir='ltr'>nostris</span> <span class='ocrx_word' id='word_1_266' title='bbox 794 3412 881 3470; x_wconf 87' lang='lat' dir='ltr'>rebus</span> <span class='ocrx_word' id='word_1_267' title='bbox 909 3411 1031 3471; x_wconf 88' lang='lat' dir='ltr'>domum</span> <span class='ocrx_word' id='word_1_268' title='bbox 1056 3422 1179 3477; x_wconf 86' lang='lat' dir='ltr'>c&#39;onten-</span> 
     </span>
     <span class='ocr_line' id='line_1_34' title="bbox 179 3508 1179 3592; baseline 0.006 -24"><span class='ocrx_word' id='word_1_269' title='bbox 179 3509 300 3580; x_wconf 88' lang='lat' dir='ltr'>derunt;</span> <span class='ocrx_word' id='word_1_270' title='bbox 341 3509 495 3568; x_wconf 89' lang='lat' dir='ltr'>Romanos</span> <span class='ocrx_word' id='word_1_271' title='bbox 528 3508 630 3584; x_wconf 91' lang='lat' dir='ltr'>pulsos</span> <span class='ocrx_word' id='word_1_272' title='bbox 665 3519 883 3587; x_wconf 86' lang='lat' dir='ltr'>superatosque,</span> <span class='ocrx_word' id='word_1_273' title='bbox 918 3513 1019 3572; x_wconf 90' lang='lat' dir='ltr'>castris</span> <span class='ocrx_word' id='word_1_274' title='bbox 1054 3515 1179 3592; x_wconf 88' lang='lat' dir='ltr'>impedi·</span> 
     </span>
    </p>
   </div>
   <div class='ocr_carea' id='block_1_3' title="bbox 0 0 1322 3916">
    <p class='ocr_par' dir='ltr' id='par_1_3' title="bbox 0 0 1322 3916">
     <span class='ocr_line' id='line_1_35' title="bbox 0 0 1322 3916; baseline 0 0"><span class='ocrx_word' id='word_1_275' title='bbox 0 0 1322 3916; x_wconf 95' lang='lat' dir='ltr'> </span> 
     </span>
    </p>
   </div>
  </div>
 </body>
</html>
