2650 3918
211 199 271 280 148
495 203 564 260 sc.
589 211 682 259 rurrr
702 208 876 259 crassata
947 194 971 208 ”
1149 205 1209 257 vrr.

209 363 340 422 tantibus
357 363 449 433 nobis,
473 363 553 440 quod
568 363 690 438 dignum
704 362 845 418 memoria
858 361 951 418 visum
965 358 1210 434 praetereundum

213 479 274 520 non
306 462 541 520 existimavimus.
584 460 713 532 Quidam
741 469 807 518 ante
836 469 950 535 portam
978 459 1079 535 oppidi
1108 457 1210 516 Gallus
1316 531 1317 544 2

213 578 266 635 per
284 577 389 618 manus
409 559 468 618 sevi
486 577 520 617 ac
539 558 611 634 picis
633 558 750 616 traditas
769 557 870 632 glebas
888 558 918 614 in
937 557 1035 632 ignem
1054 575 1070 614 e
1090 557 1210 632 regione

212 661 295 718 turris
317 659 493 736 proiciebat:
524 659 678 734 scorpione
700 659 737 715 ab
761 657 849 715 latere
874 656 976 714 dextro
1001 656 1135 715 traiectus
1161 667 1210 714 ex*-

180 761 412 834 5animatusque
441 757 576 817 concidit.
620 757 711 815 Hunc
735 775 771 814 ex
796 755 936 832 proximis
960 773 1037 813 unus
1064 755 1208 814 iacentem

207 868 406 933 transgressus
428 856 533 914 eodem
552 855 601 913 illo
620 872 740 913 munere
761 854 952 930 fungebatur3
974 853 1076 937 eadem
1097 853 1208 912 ratione

209 957 269 1014 ictu
294 955 456 1031 scorpionis
486 954 651 1012 exanimato
677 953 757 1010 alteri
785 952 923 1011 successit
947 952 1046 1010 tertius
1071 959 1099 1009 et
1123 952 1207 1010 tertio

209 1065 336 1132 quartus,
356 1071 411 1111 nec
426 1054 506 1128 prius
526 1052 572 1110 ille
587 1062 631 1111 est
645 1069 663 1108 a
677 1052 945 1129 propugnatoribus
965 1069 1073 1110 vacuus
1092 1051 1207 1110 relictus

208 1153 298 1221 locus,
322 1167 409 1228 quam
423 1151 561 1208 restincto
580 1167 686 1225 aggere
700 1159 787 1225 atque
801 1149 881 1207 omni
896 1168 932 1206 ex
952 1157 1033 1225 parte
1053 1150 1206 1208 summotis

165 1273 196 1310 10
208 1250 340 1309 hostibus
354 1249 419 1307 finis
431 1259 474 1306 est
488 1249 639 1324 pugnandi
654 1248 755 1307 iactus.
799 1255 849 1308 26.
872 1248 980 1308 Omnia
994 1249 1104 1324 experti
1120 1247 1204 1319 Galli,

209 1348 289 1426 quod
305 1367 351 1406 res
374 1347 453 1405 nulla
474 1355 660 1417 successerat,
683 1357 802 1423 postero
824 1347 870 1405 die
892 1347 1044 1406 consilium
1065 1355 1204 1424 ceperunt

208 1465 244 1506 ex
273 1446 384 1523 oppido
409 1444 575 1522 profugere,
599 1444 732 1504 hortante
757 1456 786 1504 et
814 1446 931 1504 iubente
956 1445 1201 1522 Vercingetorige.

208 1544 243 1602 Id
269 1545 381 1612 silentio
406 1545 501 1602 noctis
526 1545 625 1602 conati
649 1562 711 1602 non
734 1554 843 1621 magna
866 1545 974 1604 iactura
1000 1563 1119 1603 suorum
1140 1563 1205 1604 sese

208 1642 363 1702 effecturos
388 1642 552 1719 sperabant,
567 1652 721 1719 propterea
735 1644 816 1720 quod
831 1662 925 1719 neque
940 1642 1029 1718 longe
1044 1644 1080 1700 ab
1093 1643 1204 1720 oppido

165 1767 193 1817 15
208 1752 302 1800 castra
330 1741 581 1818 Vercingetorigis
614 1743 742 1814 aberant,
776 1751 805 1800 et
836 1742 929 1819 palae,
957 1760 1032 1818 quae
1064 1752 1205 1817 perpetua

208 1841 413 1911 intercedebat,
437 1841 590 1900 Romanos
612 1842 650 1900 ad
668 1842 882 1918 insequendum
900 1841 1040 1900 tardabat.
1081 1839 1205 1916 Iamque

208 1940 264 1998 hoc
289 1939 384 1998 iacere
409 1951 501 1998 noctu
525 1941 712 2016 apparabant,
738 1959 805 1998 curn
830 1939 1059 1999 matresfamiliae
1083 1951 1204 2015 repente

208 2039 238 2096 in
267 2039 417 2115 publicum
445 2048 650 2114 procurrerunt
682 2038 844 2116 flentesque
873 2040 1020 2116 proiectae
1048 2037 1085 2097 ad
1110 2037 1204 2114 pedes

209 2155 329 2196 suorum
354 2138 491 2220 omnibus
516 2139 650 2214 precibus
676 2139 827 2214 petierunt,
852 2156 890 2196 ne
918 2157 949 2196 se
977 2146 1005 2196 et
1033 2155 1205 2196 communes

165 2259 196 2296 πο
208 2235 460 2295 liberoshostibus
474 2236 512 2294 ad
532 2236 705 2313 supplicium
721 2237 867 2308 dederent,
883 2253 958 2312 quos
972 2236 1009 2294 ad
1031 2235 1204 2312 capiendam

208 2333 309 2409 fugam
332 2344 451 2392 naturae
473 2344 502 2392 et
522 2335 623 2392 virium
649 2335 797 2394 infirmitas
819 2336 979 2412 impediret.
1021 2335 1081 2393 Ubi
1100 2353 1152 2393 eos
1174 2333 1204 2391 in

209 2433 351 2490 sententia
383 2442 510 2506 perstare
543 2433 682 2505 viderunt,
712 2434 791 2510 quod
824 2434 993 2510 plerumque
1022 2434 1053 2491 in
1087 2450 1203 2492 summo

209 2529 337 2607 periculo
365 2529 450 2588 timor
478 2531 705 2592 misericordiam
734 2551 795 2591 non
826 2533 935 2609 recipit,
964 2533 1147 2592 conclamare
1175 2539 1204 2588 et

209 2627 371 2702 significare
411 2628 448 2686 de
487 2629 557 2706 iuga
592 2629 735 2689 Romanis
771 2618 938 2707 coeperunt.
992 2631 1061 2704 Quo
1099 2632 1204 2689 timore

166 2751 194 2801 25
208 2727 348 2803 perterriti
368 2725 454 2798 Galli,
477 2747 515 2787 ne
536 2729 573 2786 ab
595 2730 724 2806 equitatu
743 2730 946 2788 Romanonrm
963 2731 1025 2788 viae
1046 2745 1203 2809 praeoccu-

208 2836 352 2902 parentur,
372 2827 492 2885 consilio
510 2827 686 2887 destiterunt.
729 2834 779 2888 27.
800 2827 921 2887 Postero
942 2829 987 2888 die
1003 2828 1112 2888 Caesar
1135 2838 1204 2904 pro'·

207 2933 289 2982 mota
321 2925 389 2982 turri
418 2925 591 3003 directisque
622 2927 769 3003 operibus,
803 2945 878 3004 quae
906 2926 1001 2986 iacere
1032 2928 1203 2994 instituerat,

207 3039 318 3099 magno
333 3033 435 3082 coorto
455 3025 547 3083 imbre
569 3043 630 3083 non
644 3026 774 3084 inutilem
792 3026 869 3084 hanc
889 3026 926 3084 ad
945 3025 1118 3103 capiendum
1132 3041 1204 3083 con-

209 3121 302 3180 silium
331 3131 532 3197 tempestatem
567 3123 717 3182 arbitratus
751 3133 803 3195 est,
836 3123 917 3200 quod
945 3125 1031 3200 paulo
1059 3123 1205 3182 incautius

164 3237 196 3297 3'0
208 3219 354 3280 custodias
373 3220 403 3277 in
418 3238 502 3279 muro
522 3221 677 3297 dispositas
692 3222 817 3293 videbat,
838 3241 965 3298 suosque
985 3221 1152 3298 languidius
1173 3223 1205 3279 in

208 3337 296 3394 opere
317 3319 422 3378 versari
444 3319 525 3378 iussit
547 3330 583 3389 et,
605 3319 676 3396 quid
697 3319 757 3378 fieri
776 3319 867 3391 vellet,
888 3321 1023 3380 ostendit.
1065 3321 1204 3398 Legioni-

209 3418 323 3493 busque
335 3419 407 3476 inter
421 3428 515 3476 castra
529 3419 683 3494 vineasque
698 3419 729 3476 in
743 3419 857 3478 occulto
872 3421 1014 3497 expeditis
1025 3420 1205 3494 cohortatus,

204 3514 416 3590 utaliquando
438 3535 492 3593 pro
514 3517 600 3576 tantis
623 3517 770 3578 laboribus
791 3518 914 3578 fructum
933 3518 1068 3580 victoriae
1089 3519 1204 3598 percip-
