2650 3918
157 162 160 168 '
200 179 243 247 72
530 180 559 231 c.
581 169 675 227 rurrr
696 177 868 228 cassurus
1066 232 1070 239 ,
1150 182 1194 228 rv.

238 329 486 430 1s‚qem13nico
512 332 589 392 bello
617 331 753 392 confecto
779 330 877 390 multis
904 329 1063 390 decausis
1088 327 1198 390 Caesar

199 429 296 490 statuit
312 428 380 503 ssibi
408 430 545 490 Rhenum
574 449 639 490 esse
667 430 891 496 transeundum:
924 446 1046 507 quarum
1073 429 1121 487 illa
1144 427 1198 486 fuit

199 528 363 612 iustissima,
383 529 472 607 quod,
493 548 561 589 cum
581 529 692 588 videret
710 527 876 588 Germanos
897 538 957 588 tam
976 527 1059 587 facile
1080 527 1197 603 impelli,

199 625 232 686 u't
245 615 282 684 'in
303 624 429 686 Galliam
448 628 585 699 venirent,
601 627 661 687 suis
679 645 797 704 quoque
816 629 903 686 rebus
917 642 970 686 eos
984 627 1084 684 timere
1097 625 1196 694 voluit,

73 801 79 812 ι
171 736 186 788 ⁵
200 745 267 786 cum
281 729 480 805 intellegerent
490 736 519 785 et
529 743 617 804 posse
632 735 660 784 et
671 726 776 785 audere
786 725 887 803 populi
899 724 1026 784 Romani
1038 724 1196 783 exercitum
1223 778 1226 785 .

200 825 339 888 Rhenum
355 826 484 886 transire.
525 824 657 884 Accessit
677 825 774 896 etiam,
795 824 875 902 quod
895 824 943 882 illa
964 842 1030 901 pars
1052 823 1195 900 equitatus

200 925 356 1004 Usipetum
375 933 403 984 et
422 923 642 994 Tencterorum,
658 941 746 999 quam
766 941 853 1000 supra
872 921 1098 982 commemoravi
1133 939 1195 1000 rae-
1215 995 1219 1003 Ι

202 1024 290 1085 dandi
306 1022 559 1098 frumentandique
578 1039 666 1080 causa
685 1020 804 1080 Mosam
823 1023 960 1080 transisse
974 1039 1069 1096 neque
1083 940 1195 1097 pinedo
1208 1017 1222 1046 ⁴

96 1162 99 1173 ·
201 1122 371 1193 interfuisse,
391 1130 459 1197 post
482 1119 583 1196 fugam
607 1137 727 1178 suorum
751 1137 783 1177 se
808 1129 888 1178 trans
913 1119 1051 1178 Rhenum
1071 1119 1101 1177 in
1122 1118 1195 1177 fines

157 1233 188 1269 10
201 1219 430 1298 Sugambrorum
456 1227 604 1296 receperat
631 1236 721 1295 seque
749 1236 817 1277 cum
844 1219 880 1276 iis
908 1218 1105 1282 coniunxerat.
1146 1217 1195 1276 Ad

199 1336 275 1395 quos
294 1337 362 1377 cum
379 1317 487 1377 Caesar
502 1318 621 1376 nuntios
628 1317 776 1416 ,ffiisiffieh
795 1317 844 1394 qui
864 1317 1052 1394 postularent,
1070 1334 1131 1386 eos,
1146 1315 1196 1392 qui

200 1416 255 1474 sibi
283 1415 453 1493 Galliaeque
480 1416 588 1475 bellum
616 1375 800 1487 intuisse'nl:⁴
815 1416 870 1474 sibi
899 1415 1046 1487 dederent,
1074 1432 1195 1490 respon·

200 1513 320 1572 derunt:
350 1513 454 1593 Populi
482 1513 609 1572 Romani
637 1515 790 1591 imperium
818 1514 957 1574 Rhenum
983 1514 1082 1573 finire:
1112 1513 1136 1572 si
1164 1531 1195 1572 se

200 1612 289 1671 invito
304 1611 469 1672 Germanos
482 1614 512 1671 in
524 1612 649 1672 Galliam
663 1614 782 1672 transire
796 1631 857 1672 non
872 1631 997 1690 aequum
1011 1613 1195 1682 existimaret,

158 1723 253 1773 1scur
271 1711 315 1769 sui
335 1711 491 1788 quicquam
510 1729 574 1770 esse
592 1711 705 1788 imperii
723 1720 772 1770 aut
789 1712 940 1788 potestatis
959 1721 1038 1769 trans
1057 1709 1196 1768 Rhenum

200 1809 379 1885 postularet?
419 1809 489 1868 Ubii
520 1818 626 1882 autem,
657 1809 706 1886 qui
741 1810 791 1868 uni
822 1828 858 1867 ex
893 1808 1127 1876 Transrhenanis
1158 1810 1196 1868 ad

203 1905 360 1966 Caesarem
393 1907 505 1984 legatos
539 1908 686 1979 miserant,
719 1907 874 1967 amicitiam
909 1908 1044 1978 fecerant,
1078 1908 1196 1968 obsides

204 2004 352 2078 dederant,
372 2025 550 2084 magnopere
569 2008 699 2078 orabant,
717 2003 750 2066 'ut
771 2008 825 2066 sibi
846 2007 984 2065 auxilium
1000 2007 1095 2076 ferret,
1115 2007 1196 2084 quod

199 2089 327 2176 ¹graviter
351 2103 389 2160 ab
411 2101 514 2160 Suebis
538 2111 752 2179 premerentur3
779 2101 832 2174 vel,
853 2102 878 2162 si
902 2102 932 2161 id
953 2101 1047 2160 facere
1067 2120 1196 2179 occupa·

160 2199 330 2258 notionibus
351 2200 523 2276 reipublicae
544 2198 753 2276 prohiberetur,
771 2201 929 2260 exercihrm
947 2200 1039 2260 modo
1058 2200 1196 2260 Rhenum

201 2304 423 2374 transportaret:
445 2298 475 2356 id
494 2299 548 2357 sibi
568 2298 606 2357 ad
626 2299 761 2358 auxilium
782 2317 922 2376 spemque
941 2299 1043 2375 reliqui
1057 2301 1196 2377 temporis

202 2393 271 2450 satis
291 2393 427 2452 futurum.
469 2395 598 2453 Tantum
619 2414 683 2455 esse
704 2415 813 2457 nomen
834 2406 921 2473 atque
942 2397 1113 2474 opinionem
1134 2399 1196 2457 eius
1250 2411 1254 2422 '

202 2492 344 2549 exercitus
371 2491 516 2552 Ariovisto
543 2493 628 2569 pulso
653 2505 682 2554 et
709 2495 767 2556 hoc
794 2497 953 2555 novissimo
980 2497 1093 2572 proelio
1117 2497 1196 2556 facto

202 2588 289 2645 etiam
316 2589 354 2647 ad
381 2589 495 2649 ultimas
523 2590 738 2652 Germanorum
766 2596 907 2666 nationes
931 2594 973 2653 uti
1000 2595 1140 2671 opinione
1169 2607 1198 2654 et

158 2703 188 2750 25
203 2688 328 2746 amicitia
351 2690 452 2766 populi
477 2690 604 2751 Romani
630 2695 682 2753 tuti
709 2713 774 2755 esse
799 2695 921 2773 possint.
963 2693 1091 2754 Navium
1114 2714 1197 2774 mag·
1231 2759 1234 2766 Ι

202 2803 273 2843 nam
297 2788 416 2864 copiam
445 2790 483 2848 ad
511 2792 766 2868 transportandum
795 2795 953 2853 exercitum
978 2794 1197 2870 pollicebantur.

202 2889 248 2946 17.
271 2882 378 2944 Caesar
392 2888 436 2946 his
451 2888 488 2946 de
502 2891 603 2963 causis,
615 2910 688 2968 quas
702 2893 938 2964 commemoravi,
953 2892 1092 2952 Rhenum
1106 2906 1197 2956 trans-

201 2980 241 3040 ire
261 2981 441 3059 decreverat3
468 2985 519 3044 sed
537 2989 657 3048 navibus
676 2992 797 3050 transire
816 3010 911 3069 neque
933 2983 1001 3052 satis
1020 3003 1113 3090 tutupn
1132 3012 1198 3076 esse

201 3080 399 3152 arbitrabatur,
428 3102 523 3160 neque
551 3104 618 3146 suae
645 3106 741 3164 neque
768 3092 869 3168 populi
896 3091 1024 3151 Romani
1052 3065 1199 3169 digri'ititis

158 3195 190 3242 30
206 3195 270 3237 esse
285 3180 435 3239 statuebat.
477 3182 588 3260 Itaque,
600 3187 653 3249 etsi
668 3205 782 3246 summa
795 3189 946 3250 difficultas
961 3191 1084 3250 faciendi
1098 3194 1199 3268 pontis

201 3279 419 3354 proponebatur
433 3291 552 3359 propter
564 3283 753 3358 latitudinem,
765 3288 947 3365 rapiditatem
961 3290 1199 3368 altitudinemque

202 3372 336 3449 fluminis,
357 3387 454 3438 tamen
473 3380 504 3438 id
522 3382 576 3441 sibi
595 3385 832 3445 contendendmn
854 3398 903 3447 aut
921 3389 1001 3448 aliter
1022 3407 1083 3448 non
1102 3391 1199 3449 tradu-

204 3471 327 3532 cendum
365 3480 523 3539 exercitum
561 3484 751 3544 existimabat.
793 3485 950 3547 Rationem
987 3489 1084 3565 pontis
1121 3489 1200 3550 hanc
