2686 3910
198 163 260 246 198
501 215 505 222 .
593 173 628 224 A.
652 172 775 222 urnrrr
947 185 954 190 ··
1121 176 1194 224 vm.

194 325 356 386 civitatibus
378 323 501 386 Fabium
525 325 720 400 consequitur.
763 323 841 384 Nam
860 323 1011 395 Carnutes,
1034 321 1084 398 qui
1105 340 1195 400 saepe

192 424 288 482 vexati
309 441 471 499 numquam
491 423 572 499 pacis
592 423 720 482 fecerant
739 423 927 494 mentionem,
948 423 1022 482 datis
1041 421 1196 482 obsidibus

193 523 313 580 veniunt
351 523 381 580 in
419 522 606 590 deditionem,
642 532 812 599 ceteraeque
847 523 974 581 civitates
1013 521 1126 597 positae
1164 519 1197 578 in

193 620 302 680 ultimis
331 619 442 680 Galliae
467 620 582 691 finibus,
608 620 731 682 Oceano
759 621 940 690 coniunctae,
965 637 1041 696 quae
1069 620 1195 678 Aremo-

166 720 270 787 5ricae
299 719 488 795 appellantur,
513 720 682 778 auctoritate
710 703 1039 778 adductae'Carnutum
1067 718 1195 778 adventu

194 817 276 876 Fabii
297 818 506 895 legionumque
528 817 669 895 imperata
688 819 750 876 sine
765 817 979 878 morafaciunt.
1021 816 1195 876 Dumnacus

194 916 254 974 suis
285 915 390 975 finibus
422 914 558 991 expulsus
593 933 691 974 errans
726 916 898 992 latitansque
935 917 1015 976 solus
1050 924 1196 974 extremas

195 1013 308 1072 Galliae
330 1013 465 1089 regiones
487 1023 584 1090 petere
606 1024 651 1076 est
674 1024 801 1074 coaetus·

236 1118 287 1172 32.
309 1112 349 1170 At
371 1111 507 1189 Drappes
529 1129 647 1188 unaque
664 1113 815 1174 Lucterius
835 1131 902 1172 cum
925 1106 1057 1189 legiones
1076 1111 1196 1172 Canini-

152 1214 302 1287 mumque
333 1211 436 1272 adesse
469 1220 681 1286 cognoscerent
714 1230 769 1270 nec
800 1197 831 1272 se
863 1212 926 1270 sine
958 1222 1037 1270 certa
1067 1210 1197 1287 pernicie

193 1319 386 1386 persequente
405 1309 531 1368 exercitu
550 1318 685 1385 putarent
703 1311 870 1384 provinciae
885 1311 958 1368 fines
977 1311 1083 1368 intrare
1104 1327 1196 1386 posse

195 1427 250 1468 nec
269 1410 329 1467 iam
349 1407 438 1467 libere
457 1407 582 1483 vagandi
596 1407 873 1484 latrociniorumque
888 1408 1090 1468 faciendorum
1105 1407 1197 1466 facul-

195 1517 286 1566 tatem
321 1506 470 1578 haberent,
503 1505 534 1563 in
564 1505 670 1564 finibus
703 1506 865 1566 consistunt
897 1506 1107 1566 Cadurcorum.
1149 1506 1196 1566 Ibi

196 1623 264 1664 cum
291 1604 442 1664 Lucterius
470 1602 549 1680 apud
578 1621 646 1662 suos
675 1605 753 1662 cives
781 1603 930 1680 quondam
962 1605 1080 1680 integris
1108 1607 1197 1664 rebus

152 1726 180 1776 15
195 1704 318 1765 multum
345 1703 488 1779 potuisset
515 1720 687 1779 semperque
714 1713 813 1764 auctor
838 1721 982 1763 novorum
1006 1705 1197 1766 consiliorum

195 1821 335 1879 magnam
371 1802 449 1878 apud
484 1801 622 1861 barbaros
658 1801 859 1862 auctoritatem
893 1802 1021 1874 haberet,
1052 1804 1197 1882 oppidum

195 1900 423 1971 Uxellodunum,
445 1899 527 1975 quod
548 1899 577 1958 in
599 1899 730 1958 clientela
751 1898 843 1958 fuerat
864 1901 934 1972 eius,
956 1903 1071 1977 egregie
1093 1913 1197 1962 natura

195 2001 253 2060 loci
268 1999 420 2069 munitum,
435 2008 560 2073 occupat
575 1997 634 2056 suis
649 2007 677 2054 et
691 1997 849 2073 Drappetis
864 2000 956 2076 copiis
971 2000 1198 2077 oppidanosque

196 2100 251 2158 sibi
278 2097 436 2174 coniungit.
479 2102 530 2158 33.
552 2095 621 2168 Quo
649 2113 717 2154 erun
748 2097 903 2158 confestim
933 2098 1025 2160 Gaius
1053 2097 1199 2160 Caninius

153 2198 321 2260 revenisset
349 2194 645 2271 animadverteretque
664 2213 774 2270 ¹omnes
802 2198 903 2274 oppidi
930 2209 1028 2274 partes
1056 2217 1196 2274 praerup-

198 2297 316 2358 tissimis
344 2297 422 2354 saxis
450 2313 513 2354 esse
541 2295 676 2366 munitas,
702 2313 762 2371 quo
790 2295 964 2356 defendente
993 2298 1073 2360 nullo
1098 2308 1197 2358 tamen

197 2396 315 2454 armatis
333 2395 490 2456 ascendere
510 2404 586 2478 esset
605 2395 729 2465 difficile,
743 2413 852 2472 magna
870 2407 968 2456 autem
987 2398 1198 2474 impedimenta

197 2494 412 2571 oppidanorum
436 2492 553 2562 videret,
579 2510 654 2568 quae
679 2493 703 2552 si
729 2493 907 2554 clandestina
931 2496 1000 2572 fuga
1029 2497 1200 2558 subtrahere

197 2603 379 2662 conarentur,
401 2591 528 2666 effugere
549 2608 610 2650 non
631 2591 723 2652 modo
743 2594 912 2669 equitatum,
935 2596 987 2656 sed
1008 2615 1045 2655 ne
1066 2597 1199 2672 legiones

154 2715 182 2764 25
198 2691 317 2768 quidem
347 2699 477 2767 possent,
505 2689 647 2765 tripertito
675 2691 843 2751 cohortibus
874 2693 973 2753 divisis
1001 2696 1076 2754 trina
1103 2695 1197 2756 excel·

199 2789 313 2848 sissimo
343 2788 409 2846 loco
442 2796 535 2848 castra
565 2785 648 2858 fecit3
687 2807 705 2848 a
736 2790 843 2864 quibus
877 2792 1023 2867 paulatim,
1055 2802 1197 2870 quantum

199 2888 302 2964 copiae
337 2885 527 2961 patiebantur,
563 2886 668 2946 vallum
703 2888 733 2944 in
768 2888 871 2964 oppidi
906 2891 1057 2950 circuitum
1091 2891 1199 2954 ducere

198 2986 327 3072 instituit.
380 2990 432 3046 84
455 2982 545 3056 Quod
569 3002 638 3042 cum
658 2986 919 3050 animadverterent
939 2991 1081 3065 oppidani
1095 2992 1198 3052 misen·

199 3087 331 3164 rimaque
345 3085 461 3144 Alesiae
475 3084 617 3144 memoria
634 3083 747 3145 solliciti
765 3086 889 3146 similem
903 3107 1004 3148 casum
1018 3089 1199 3150 obsessionis

155 3209 186 3262 39
200 3193 372 3254 vererentur,
391 3183 577 3258 maximeque
598 3199 634 3242 ex
655 3184 793 3244 omnibus
814 3184 974 3258 Lucterius,
993 3189 1043 3262 qui
1064 3187 1199 3246 fortunae

199 3284 273 3342 iilius
304 3282 463 3359 periculum
490 3279 605 3351 iecerat,
635 3291 767 3340 moneret
795 3281 929 3345 frumenti
960 3286 1102 3344 rationem
1132 3303 1198 3346 esse

198 3383 374 3454 habendam,
400 3382 577 3441 constituunt
601 3383 734 3443 omnium
759 3401 906 3444 consensu
931 3395 1011 3460 parte
1036 3386 1075 3444 ibi
1100 3385 1199 3448 relicta

201 3482 352 3554 copiarum
377 3481 432 3556 ipsi
456 3499 526 3540 cum
549 3481 690 3557 expeditis
715 3483 753 3542 ad
777 3482 995 3559 importandum
1020 3483 1198 3544 frumentum

202 3577 355 3648 proficisci.
396 3577 442 3639 Eo
478 3579 598 3642 consilio
632 3581 757 3655 probato
792 3583 926 3657 proxima
960 3593 1048 3642 nocte
1082 3582 1201 3644 duobus
