2650 3918
138 215 275 278 11÷-14.
350 179 399 260 ¹aa
420 213 529 265 aaran
552 212 701 261 erarico
723 211 833 262 contu.
861 212 921 262 vri.
1069 214 1126 274 141

134 363 298 438 ignosceret
326 381 452 440 suaeque
479 365 553 424 vitae
574 365 745 435 consuleret,
766 375 797 423 ut
830 365 972 423 celeritate
1005 363 1129 440 reliquas

133 479 179 518 res
202 461 366 533 conficeret,
390 481 447 538 qua
471 463 607 539 pleraque
621 473 682 522 erat
697 473 879 534 consecutus,
895 481 975 521 arma
996 461 1129 532 conferri,

134 577 227 634 equos
257 561 387 637 produci,
417 562 534 622 obsides
566 563 627 621 dari
655 563 741 621 iubet.
795 562 879 620 Parte
906 563 964 619 iam
994 561 1128 620 obsidum

134 659 246 729 tradita,
261 677 328 724 curn
342 660 451 736 reliqua
466 660 739 730 administrarentur,
755 660 969 719 centurionibus
984 671 1012 718 et
1027 660 1129 736 paucis

133 757 270 816 militibus
301 758 481 829 intromissis,
510 760 560 834 qui
592 777 673 816 arma
700 759 885 836 iumentaque
918 761 1127 835 conquirerent,
1142 775 1158 824 5?

133 856 277 931 equitatus
296 855 423 914 hostium
442 858 543 933 procul
562 857 644 916 visus
659 867 712 929 est,
728 859 776 934 qui
796 875 901 933 agmen
914 856 1128 932 Vercingetori-

133 954 178 1030 gis
200 963 400 1012 antecesserat.
439 953 536 1025 Quem
556 955 740 1032 simulatque
755 955 893 1032 oppidani
914 965 1129 1031 conspexerunt

134 1062 220 1127 atquc
241 1052 271 1109 in
294 1070 377 1128 spem
398 1052 495 1110 auxilii
515 1063 664 1124 venerunt,
679 1054 806 1112 clamore
827 1054 940 1112 sublato
962 1071 1042 1111 arma
1059 1071 1127 1128 cap·

133 1169 190 1220 ere,
216 1161 315 1227 portas
340 1151 482 1221 claudere,
504 1169 619 1209 murum
647 1153 793 1228 complere
821 1161 987 1228 coeperunt.
1039 1151 1127 1210 Cent-

133 1249 250 1307 uriones
285 1250 315 1306 in
342 1249 453 1325 oppido
481 1268 548 1308 cum
576 1268 613 1308 ex
645 1250 853 1326 significatione
882 1250 1031 1308 Gallorum
1059 1248 1128 1312 no'vi
1143 1278 1173 1312 ιο

134 1347 242 1423 aliquid
270 1349 307 1406 ab
335 1349 369 1406 iis
396 1348 459 1406 iniri
484 1349 596 1429 consilii
620 1349 835 1420 intellexissent,
860 1350 963 1424 gladiis
986 1350 1127 1410 destrictis

134 1454 233 1520 portas
257 1457 472 1521 occupaverunt
487 1465 619 1523 suosque
640 1465 744 1506 omnes
765 1447 927 1506 incolumes
948 1460 1126 1523 receperunt.

133 1549 179 1610 13.
202 1543 310 1603 Cacsar
324 1545 474 1603 excastris
490 1544 648 1621 equitatum
668 1545 751 1604 educi
766 1546 852 1616 iubet,
868 1547 1010 1622 proelium
1024 1565 1127 1622 eques·

133 1653 175 1702 tre
209 1643 377 1701 committit:
409 1643 605 1704 laborantibus
637 1645 695 1702 iam
728 1645 787 1702 suis
821 1643 986 1704 Germanos
1017 1647 1127 1722 equites

134 1741 245 1800 circiter
266 1757 339 1799 occo
358 1742 505 1812 submittit,
525 1760 600 1817 quos
623 1743 660 1800 ab
682 1743 762 1801 initio
783 1742 890 1802 habere
914 1762 1013 1802 secum
1035 1745 1171 1819 instit-15

133 1849 221 1898 uerat.
263 1839 373 1898 Eorum
395 1841 534 1916 impeturn
550 1839 625 1898 Galli
639 1841 778 1900 sustinere
793 1859 854 1898 non
869 1851 1026 1918 potuerunt
1040 1839 1127 1918 atque

133 1939 162 1997 in
184 1939 285 2014 fugam
313 1940 436 1999 coniecti
457 1939 553 1998 multis
575 1940 688 2006 arnissis
709 1957 740 1997 se
761 1939 798 1996 ad
820 1956 927 2014 agmen
947 1951 1127 2015 receperunt,

133 2037 248 2111 Quibus
274 2038 432 2114 profligatis
456 2056 553 2096 rursus
579 2037 718 2115 oppidani
740 2037 878 2113 perterriti
899 2037 1126 2112 comprehensos

132 2155 193 2208 eos,
222 2155 346 2214 quorum
374 2155 464 2212 opera
491 2136 622 2213 plebem
641 2137 815 2194 concitatam
849 2135 1060 2206 existimabant,
1089 2135 1127 2194 ad

133 2235 289 2294 Caesarem
304 2235 499 2311 perduxerunt
513 2253 634 2310 seseque
648 2235 675 2292 ei
690 2234 869 2292 dediderunt.
911 2233 1025 2306 Quibus
1040 2236 1126 2294 rebus
1142 2259 1178 2294 20-

133 2333 273 2396 confectis
288 2333 395 2393 Caesar
409 2334 447 2391 ad
466 2334 608 2410 oppidum
623 2333 786 2402 Avaricum,
801 2331 953 2408 quoderat
967 2333 1127 2392 maximum

132 2432 415 2508 munitissimumque
429 2431 458 2488 in
473 2431 578 2489 finibus
596 2429 756 2505 Biturigum
775 2439 860 2505 atque
880 2430 941 2506 agri
955 2429 1127 2490 fertilissima

133 2531 261 2606 regione,
290 2530 436 2606 profectus
464 2539 515 2599 est,
544 2529 624 2605 quod
648 2547 684 2588 eo
708 2528 818 2604 oppido
840 2539 958 2604 recepto
983 2531 1126 2602 civitatem

132 2628 294 2704 Biturigum
309 2647 340 2686 se
354 2630 384 2685 in
398 2637 571 2703 potestatem
584 2628 766 2686 redacturum
781 2628 953 2686 confidebat.

172 2732 221 2786 14.
243 2726 461 2802 Vercingetorix
475 2735 519 2784 tot
535 2726 679 2784 continuis
694 2726 887 2784 incommodis
901 2725 1125 2799 Vellaunoduni,
1141 2749 1170 2798 ²5

120 2824 254 2894 ¹Cenabi,
282 2822 449 2882 Novioduni
478 2823 605 2899 acceptis
632 2842 702 2882 suos
729 2824 767 2882 ad
796 2813 950 2882 eobcilium
975 2836 1125 2883 convocat.

131 2923 228 2983 Docet
247 2923 336 2997 longe
353 2922 408 2980 alia
427 2923 537 2980 ratione
556 2939 620 2980 esse
639 2922 747 2980 bellurn
765 2922 926 2996 gerendum
942 2933 1027 2999 atque
1041 2934 1129 2982 antea

130 3031 247 3098 gestum
267 3020 311 3082 sit.
350 3019 495 3080 Omnibus
514 3018 610 3076 modis
625 3017 690 3076 huic
705 3017 746 3076 rei
760 3019 945 3090 studendum,
960 3030 992 3077 ut
1006 3020 1125 3096 pabula-

130 3122 209 3188 tione
233 3129 263 3178 et
284 3129 451 3178 commeatu
471 3117 598 3176 Romani
620 3115 834 3192 prohibeantur.
878 3116 913 3176 Id
941 3135 1005 3175 esse
1033 3116 1124 3188 facile,

131 3217 211 3296 quod
225 3218 353 3293 equitatu
367 3218 422 3292 ipsi
436 3215 584 3275 abundent
598 3225 627 3273 et
640 3215 721 3291 quod
735 3215 804 3272 anni
818 3225 949 3290 ternpore
964 3215 1126 3272 sublevent
1139 3233 1170 3281 30

130 3335 173 3381 ur.
214 3317 357 3376 Pabulum
377 3315 469 3375 secari
482 3331 663 3390 non¹posse3
685 3314 849 3370 necessario
864 3313 1010 3387 dispersos
1027 3310 1125 3369 hostes

131 3429 167 3482 ejx
189 3415 326 3482 aediliciis
347 3424 444 3490 petere
456 3402 466 3471 ε’
484 3411 539 3470 hos
559 3429 663 3470 omnes
685 3411 790 3470 cotidie
813 3412 850 3468 ab
872 3410 1015 3485 equitibus
1038 3409 1126 3468 deleri

131 3527 227 3589 posse.
259 3513 420 3579 ,Praeterea
438 3511 535 3580 salutis
550 3528 638 3569 causa
652 3511 692 3568 rei
714 3509 860 3568 familiaris
879 3507 1037 3567 commoda
1055 3526 1137 3586 neg·vv
