<?xml version="1.0" encoding="UTF-8"?>
<!DOCTYPE html PUBLIC "-//W3C//DTD XHTML 1.0 Transitional//EN"
    "http://www.w3.org/TR/xhtml1/DTD/xhtml1-transitional.dtd">
<html xmlns="http://www.w3.org/1999/xhtml" xml:lang="en" lang="en">
 <head>
  <title>
</title>
<meta http-equiv="Content-Type" content="text/html;charset=utf-8" />
  <meta name='ocr-system' content='tesseract 3.04.00' />
  <meta name='ocr-capabilities' content='ocr_page ocr_carea ocr_par ocr_line ocrx_word'/>
</head>
<body>
  <div class='ocr_page' id='page_1' title='image "./commentariescju00hirtgoog_0189.png"; bbox 0 0 2650 3918; ppageno 0'>
   <div class='ocr_carea' id='block_1_1' title="bbox 212 177 1206 258">
    <p class='ocr_par' dir='ltr' id='par_1_1' title="bbox 212 177 1206 258">
     <span class='ocr_line' id='line_1_1' title="bbox 212 177 1206 258; baseline -0.009 -13"><span class='ocrx_word' id='word_1_1' title='bbox 212 177 274 258; x_wconf 81' lang='lat'>146</span> <span class='ocrx_word' id='word_1_2' title='bbox 539 193 566 244; x_wconf 86' lang='lat' dir='ltr'>c.</span> <span class='ocrx_word' id='word_1_3' title='bbox 589 191 683 240; x_wconf 78' lang='lat' dir='ltr'>tumr</span> <span class='ocrx_word' id='word_1_4' title='bbox 705 188 878 240; x_wconf 76' lang='lat' dir='ltr'>carenam</span> <span class='ocrx_word' id='word_1_5' title='bbox 1149 191 1206 236; x_wconf 85' lang='lat' dir='ltr'>vn.</span> 
     </span>
    </p>
   </div>
   <div class='ocr_carea' id='block_1_2' title="bbox 162 339 1207 616">
    <p class='ocr_par' dir='ltr' id='par_1_2' title="bbox 162 339 1207 616">
     <span class='ocr_line' id='line_1_2' title="bbox 162 339 1206 420; baseline -0.004 -18"><span class='ocrx_word' id='word_1_6' title='bbox 162 373 164 378; x_wconf 96' lang='lat'>·</span> <span class='ocrx_word' id='word_1_7' title='bbox 210 343 451 420; x_wconf 81' lang='lat' dir='ltr'>ameprovisum</span> <span class='ocrx_word' id='word_1_8' title='bbox 465 341 526 402; x_wconf 70' lang='lat' dir='ltr'>est!</span> <span class='ocrx_word' id='word_1_9' title='bbox 569 349 615 403; x_wconf 92' lang='lat'>21.</span> <span class='ocrx_word' id='word_1_10' title='bbox 637 342 810 403; x_wconf 82' lang='lat' dir='ltr'>Conclamat</span> <span class='ocrx_word' id='word_1_11' title='bbox 824 340 921 401; x_wconf 91' lang='lat' dir='ltr'>omnis</span> <span class='ocrx_word' id='word_1_12' title='bbox 938 339 1092 400; x_wconf 91' lang='lat' dir='ltr'>multitudo</span> <span class='ocrx_word' id='word_1_13' title='bbox 1108 349 1135 398; x_wconf 91' lang='lat' dir='ltr'>et</span> <span class='ocrx_word' id='word_1_14' title='bbox 1155 357 1206 398; x_wconf 93' lang='lat' dir='ltr'>suo</span> 
     </span>
     <span class='ocr_line' id='line_1_3' title="bbox 209 438 1207 519; baseline -0.004 -19"><span class='ocrx_word' id='word_1_15' title='bbox 209 460 292 500; x_wconf 88' lang='lat' dir='ltr'>more</span> <span class='ocrx_word' id='word_1_16' title='bbox 311 443 398 500; x_wconf 88' lang='lat' dir='ltr'>armis</span> <span class='ocrx_word' id='word_1_17' title='bbox 418 453 582 518; x_wconf 85' lang='lat' dir='ltr'>concrepat,</span> <span class='ocrx_word' id='word_1_18' title='bbox 597 443 678 519; x_wconf 94' lang='lat' dir='ltr'>quod</span> <span class='ocrx_word' id='word_1_19' title='bbox 698 441 795 500; x_wconf 86' lang='lat' dir='ltr'>facere</span> <span class='ocrx_word' id='word_1_20' title='bbox 815 441 846 498; x_wconf 92' lang='lat' dir='ltr'>in</span> <span class='ocrx_word' id='word_1_21' title='bbox 867 457 903 498; x_wconf 91' lang='lat' dir='ltr'>eo</span> <span class='ocrx_word' id='word_1_22' title='bbox 924 447 1109 509; x_wconf 89' lang='lat' dir='ltr'>consuerunt,</span> <span class='ocrx_word' id='word_1_23' title='bbox 1127 438 1207 496; x_wconf 89' lang='lat' dir='ltr'>cuius</span> 
     </span>
     <span class='ocr_line' id='line_1_4' title="bbox 211 535 1207 616; baseline -0.003 -19"><span class='ocrx_word' id='word_1_24' title='bbox 211 541 372 598; x_wconf 87' lang='lat' dir='ltr'>orationem</span> <span class='ocrx_word' id='word_1_25' title='bbox 391 542 571 616; x_wconf 88' lang='lat' dir='ltr'>approbant;</span> <span class='ocrx_word' id='word_1_26' title='bbox 598 557 745 598; x_wconf 90' lang='lat' dir='ltr'>summum</span> <span class='ocrx_word' id='word_1_27' title='bbox 766 557 829 597; x_wconf 88' lang='lat' dir='ltr'>esse</span> <span class='ocrx_word' id='word_1_28' title='bbox 848 538 1118 614; x_wconf 80' lang='lat' dir='ltr'>Vercingetorigem</span> <span class='ocrx_word' id='word_1_29' title='bbox 1139 535 1207 595; x_wconf 88' lang='lat' dir='ltr'>duc·</span> 
     </span>
    </p>
   </div>
   <div class='ocr_carea' id='block_1_3' title="bbox 166 635 1206 2196">
    <p class='ocr_par' dir='ltr' id='par_1_3' title="bbox 210 635 1206 710">
     <span class='ocr_line' id='line_1_5' title="bbox 210 635 1206 710; baseline -0.005 -13"><span class='ocrx_word' id='word_1_30' title='bbox 210 657 258 697; x_wconf 91' lang='lat' dir='ltr'>ern</span> <span class='ocrx_word' id='word_1_31' title='bbox 279 658 334 698; x_wconf 90' lang='lat' dir='ltr'>nec</span> <span class='ocrx_word' id='word_1_32' title='bbox 352 639 389 698; x_wconf 89' lang='lat' dir='ltr'>de</span> <span class='ocrx_word' id='word_1_33' title='bbox 407 640 469 698; x_wconf 90' lang='lat' dir='ltr'>eius</span> <span class='ocrx_word' id='word_1_34' title='bbox 489 639 546 698; x_wconf 89' lang='lat' dir='ltr'>fide</span> <span class='ocrx_word' id='word_1_35' title='bbox 565 639 764 710; x_wconf 87' lang='lat' dir='ltr'>dubitandum,</span> <span class='ocrx_word' id='word_1_36' title='bbox 779 656 835 696; x_wconf 90' lang='lat' dir='ltr'>nec</span> <span class='ocrx_word' id='word_1_37' title='bbox 849 639 959 698; x_wconf 88' lang='lat' dir='ltr'>maiore</span> <span class='ocrx_word' id='word_1_38' title='bbox 973 637 1084 695; x_wconf 89' lang='lat' dir='ltr'>ratione</span> <span class='ocrx_word' id='word_1_39' title='bbox 1100 635 1206 693; x_wconf 89' lang='lat' dir='ltr'>bellum</span> 
     </span>
    </p>

    <p class='ocr_par' dir='ltr' id='par_1_4' title="bbox 183 733 1206 1208">
     <span class='ocr_line' id='line_1_6' title="bbox 183 733 1206 815; baseline -0.011 -14"><span class='ocrx_word' id='word_1_40' title='bbox 183 737 403 801; x_wconf 78' lang='lat' dir='ltr'>sadrninistrari</span> <span class='ocrx_word' id='word_1_41' title='bbox 424 756 519 815; x_wconf 91' lang='lat' dir='ltr'>posse.</span> <span class='ocrx_word' id='word_1_42' title='bbox 564 737 706 809; x_wconf 90' lang='lat' dir='ltr'>Statuunt,</span> <span class='ocrx_word' id='word_1_43' title='bbox 720 747 752 796; x_wconf 93' lang='lat' dir='ltr'>ut</span> <span class='ocrx_word' id='word_1_44' title='bbox 769 737 870 796; x_wconf 91' lang='lat' dir='ltr'>decem</span> <span class='ocrx_word' id='word_1_45' title='bbox 889 735 968 794; x_wconf 88' lang='lat' dir='ltr'>milia</span> <span class='ocrx_word' id='word_1_46' title='bbox 986 734 1139 793; x_wconf 87' lang='lat' dir='ltr'>hominurn</span> <span class='ocrx_word' id='word_1_47' title='bbox 1158 733 1206 791; x_wconf 89' lang='lat' dir='ltr'>de·</span> 
     </span>
     <span class='ocr_line' id='line_1_7' title="bbox 208 831 1205 913; baseline -0.005 -19"><span class='ocrx_word' id='word_1_48' title='bbox 208 835 285 894; x_wconf 89' lang='lat' dir='ltr'>lecta</span> <span class='ocrx_word' id='word_1_49' title='bbox 310 856 347 895; x_wconf 86' lang='lat' dir='ltr'>ex</span> <span class='ocrx_word' id='word_1_50' title='bbox 372 837 508 896; x_wconf 91' lang='lat' dir='ltr'>omnibus</span> <span class='ocrx_word' id='word_1_51' title='bbox 536 837 629 913; x_wconf 91' lang='lat' dir='ltr'>copiis</span> <span class='ocrx_word' id='word_1_52' title='bbox 652 838 683 894; x_wconf 89' lang='lat' dir='ltr'>in</span> <span class='ocrx_word' id='word_1_53' title='bbox 707 835 850 913; x_wconf 92' lang='lat' dir='ltr'>oppidum</span> <span class='ocrx_word' id='word_1_54' title='bbox 874 835 1029 905; x_wconf 87' lang='lat' dir='ltr'>mittantur,</span> <span class='ocrx_word' id='word_1_55' title='bbox 1054 851 1110 891; x_wconf 94' lang='lat' dir='ltr'>nec</span> <span class='ocrx_word' id='word_1_56' title='bbox 1138 831 1205 890; x_wconf 89' lang='lat' dir='ltr'>solis</span> 
     </span>
     <span class='ocr_line' id='line_1_8' title="bbox 210 931 1206 1011; baseline -0.004 -18"><span class='ocrx_word' id='word_1_57' title='bbox 210 933 386 1011; x_wconf 81' lang='lat' dir='ltr'>Biturigibus</span> <span class='ocrx_word' id='word_1_58' title='bbox 401 953 588 994; x_wconf 87' lang='lat' dir='ltr'>communem</span> <span class='ocrx_word' id='word_1_59' title='bbox 603 935 725 994; x_wconf 89' lang='lat' dir='ltr'>salutem</span> <span class='ocrx_word' id='word_1_60' title='bbox 739 934 977 994; x_wconf 80' lang='lat' dir='ltr'>committendam</span> <span class='ocrx_word' id='word_1_61' title='bbox 987 941 1115 1002; x_wconf 90' lang='lat' dir='ltr'>censent,</span> <span class='ocrx_word' id='word_1_62' title='bbox 1127 931 1206 1008; x_wconf 90' lang='lat' dir='ltr'>quod</span> 
     </span>
     <span class='ocr_line' id='line_1_9' title="bbox 209 1031 1206 1111; baseline -0.003 -20"><span class='ocrx_word' id='word_1_63' title='bbox 209 1049 304 1111; x_wconf 86' lang='lat' dir='ltr'>paene</span> <span class='ocrx_word' id='word_1_64' title='bbox 325 1035 355 1092; x_wconf 93' lang='lat' dir='ltr'>in</span> <span class='ocrx_word' id='word_1_65' title='bbox 376 1051 421 1105; x_wconf 87' lang='lat' dir='ltr'>eo,</span> <span class='ocrx_word' id='word_1_66' title='bbox 436 1035 460 1092; x_wconf 90' lang='lat' dir='ltr'>si</span> <span class='ocrx_word' id='word_1_67' title='bbox 480 1034 510 1092; x_wconf 93' lang='lat' dir='ltr'>id</span> <span class='ocrx_word' id='word_1_68' title='bbox 531 1034 674 1111; x_wconf 85' lang='lat' dir='ltr'>oppidum</span> <span class='ocrx_word' id='word_1_69' title='bbox 693 1033 886 1104; x_wconf 89' lang='lat' dir='ltr'>retinuissent,</span> <span class='ocrx_word' id='word_1_70' title='bbox 906 1048 1052 1092; x_wconf 90' lang='lat' dir='ltr'>summam</span> <span class='ocrx_word' id='word_1_71' title='bbox 1072 1031 1206 1089; x_wconf 88' lang='lat' dir='ltr'>victoriae</span> 
     </span>
     <span class='ocr_line' id='line_1_10' title="bbox 211 1132 571 1208; baseline 0 -18"><span class='ocrx_word' id='word_1_72' title='bbox 211 1141 343 1190; x_wconf 85' lang='lat' dir='ltr'>constare</span> <span class='ocrx_word' id='word_1_73' title='bbox 358 1132 571 1208; x_wconf 89' lang='lat' dir='ltr'>intellegebant.</span> 
     </span>
    </p>

    <p class='ocr_par' dir='ltr' id='par_1_5' title="bbox 166 1229 1206 1699">
     <span class='ocr_line' id='line_1_11' title="bbox 166 1229 1205 1308; baseline 0.003 -24"><span class='ocrx_word' id='word_1_74' title='bbox 166 1249 198 1284; x_wconf 90' lang='lat'>10</span> <span class='ocrx_word' id='word_1_75' title='bbox 252 1238 303 1289; x_wconf 91' lang='lat'>22.</span> <span class='ocrx_word' id='word_1_76' title='bbox 327 1232 471 1308; x_wconf 84' lang='lat' dir='ltr'>Singulari</span> <span class='ocrx_word' id='word_1_77' title='bbox 490 1232 613 1290; x_wconf 89' lang='lat' dir='ltr'>militum</span> <span class='ocrx_word' id='word_1_78' title='bbox 625 1241 793 1291; x_wconf 86' lang='lat' dir='ltr'>nostrorum</span> <span class='ocrx_word' id='word_1_79' title='bbox 807 1231 903 1290; x_wconf 91' lang='lat' dir='ltr'>virtuti</span> <span class='ocrx_word' id='word_1_80' title='bbox 917 1229 1039 1289; x_wconf 89' lang='lat' dir='ltr'>consilia</span> <span class='ocrx_word' id='word_1_81' title='bbox 1053 1230 1205 1305; x_wconf 89' lang='lat' dir='ltr'>cuiusque-</span> 
     </span>
     <span class='ocr_line' id='line_1_12' title="bbox 210 1328 1204 1406; baseline -0.001 -19"><span class='ocrx_word' id='word_1_82' title='bbox 210 1330 292 1388; x_wconf 89' lang='lat' dir='ltr'>modi</span> <span class='ocrx_word' id='word_1_83' title='bbox 307 1329 458 1388; x_wconf 87' lang='lat' dir='ltr'>Gallorum</span> <span class='ocrx_word' id='word_1_84' title='bbox 478 1331 675 1401; x_wconf 79' lang='lat' dir='ltr'>occurrebant,</span> <span class='ocrx_word' id='word_1_85' title='bbox 687 1339 722 1388; x_wconf 85' lang='lat' dir='ltr'>rut</span> <span class='ocrx_word' id='word_1_86' title='bbox 736 1339 779 1389; x_wconf 89' lang='lat' dir='ltr'>est</span> <span class='ocrx_word' id='word_1_87' title='bbox 798 1348 930 1389; x_wconf 87' lang='lat' dir='ltr'>summae</span> <span class='ocrx_word' id='word_1_88' title='bbox 949 1347 1043 1406; x_wconf 89' lang='lat' dir='ltr'>genus</span> <span class='ocrx_word' id='word_1_89' title='bbox 1064 1328 1204 1388; x_wconf 89' lang='lat' dir='ltr'>sollertiae</span> 
     </span>
     <span class='ocr_line' id='line_1_13' title="bbox 211 1427 1204 1504; baseline 0.001 -20"><span class='ocrx_word' id='word_1_90' title='bbox 211 1437 297 1504; x_wconf 91' lang='lat' dir='ltr'>atque</span> <span class='ocrx_word' id='word_1_91' title='bbox 323 1427 361 1486; x_wconf 93' lang='lat' dir='ltr'>ad</span> <span class='ocrx_word' id='word_1_92' title='bbox 389 1429 489 1486; x_wconf 91' lang='lat' dir='ltr'>omnia</span> <span class='ocrx_word' id='word_1_93' title='bbox 516 1428 656 1486; x_wconf 87' lang='lat' dir='ltr'>imitanda</span> <span class='ocrx_word' id='word_1_94' title='bbox 684 1438 713 1486; x_wconf 92' lang='lat' dir='ltr'>et</span> <span class='ocrx_word' id='word_1_95' title='bbox 737 1428 897 1500; x_wconf 88' lang='lat' dir='ltr'>efficienda,</span> <span class='ocrx_word' id='word_1_96' title='bbox 916 1446 996 1504; x_wconf 90' lang='lat' dir='ltr'>quae</span> <span class='ocrx_word' id='word_1_97' title='bbox 1025 1429 1063 1485; x_wconf 90' lang='lat' dir='ltr'>ab</span> <span class='ocrx_word' id='word_1_98' title='bbox 1086 1445 1204 1504; x_wconf 92' lang='lat' dir='ltr'>quoque</span> 
     </span>
     <span class='ocr_line' id='line_1_14' title="bbox 210 1525 1204 1603; baseline 0.001 -21"><span class='ocrx_word' id='word_1_99' title='bbox 210 1525 369 1603; x_wconf 85' lang='lat' dir='ltr'>traduntur,</span> <span class='ocrx_word' id='word_1_100' title='bbox 395 1527 584 1601; x_wconf 88' lang='lat' dir='ltr'>aptissimum.</span> <span class='ocrx_word' id='word_1_101' title='bbox 628 1525 706 1585; x_wconf 90' lang='lat' dir='ltr'>Nam</span> <span class='ocrx_word' id='word_1_102' title='bbox 731 1537 759 1585; x_wconf 92' lang='lat' dir='ltr'>et</span> <span class='ocrx_word' id='word_1_103' title='bbox 783 1527 892 1603; x_wconf 85' lang='lat' dir='ltr'>laqueis</span> <span class='ocrx_word' id='word_1_104' title='bbox 917 1525 1005 1584; x_wconf 82' lang='lat' dir='ltr'>falces</span> <span class='ocrx_word' id='word_1_105' title='bbox 1030 1527 1204 1596; x_wconf 87' lang='lat' dir='ltr'>avertebant,</span> 
     </span>
     <span class='ocr_line' id='line_1_15' title="bbox 211 1624 1206 1699; baseline 0.002 -19"><span class='ocrx_word' id='word_1_106' title='bbox 211 1640 292 1699; x_wconf 92' lang='lat' dir='ltr'>quas,</span> <span class='ocrx_word' id='word_1_107' title='bbox 315 1642 382 1681; x_wconf 88' lang='lat' dir='ltr'>curn</span> <span class='ocrx_word' id='word_1_108' title='bbox 398 1625 620 1694; x_wconf 87' lang='lat' dir='ltr'>destinaverant,</span> <span class='ocrx_word' id='word_1_109' title='bbox 638 1625 789 1683; x_wconf 78' lang='lat' dir='ltr'>mrmentis</span> <span class='ocrx_word' id='word_1_110' title='bbox 810 1625 950 1683; x_wconf 87' lang='lat' dir='ltr'>introrsus</span> <span class='ocrx_word' id='word_1_111' title='bbox 970 1624 1156 1694; x_wconf 89' lang='lat' dir='ltr'>reducebant,</span> <span class='ocrx_word' id='word_1_112' title='bbox 1178 1634 1206 1682; x_wconf 91' lang='lat' dir='ltr'>et</span> 
     </span>
    </p>

    <p class='ocr_par' dir='ltr' id='par_1_6' title="bbox 168 1721 1206 2196">
     <span class='ocr_line' id='line_1_16' title="bbox 168 1721 1205 1798; baseline 0.001 -19"><span class='ocrx_word' id='word_1_113' title='bbox 168 1739 196 1788; x_wconf 81' lang='lat'>15</span> <span class='ocrx_word' id='word_1_114' title='bbox 211 1739 348 1797; x_wconf 86' lang='lat' dir='ltr'>aggerem</span> <span class='ocrx_word' id='word_1_115' title='bbox 363 1723 503 1781; x_wconf 89' lang='lat' dir='ltr'>cuniculis</span> <span class='ocrx_word' id='word_1_116' title='bbox 523 1723 738 1794; x_wconf 82' lang='lat' dir='ltr'>subtrahebant,</span> <span class='ocrx_word' id='word_1_117' title='bbox 753 1740 789 1781; x_wconf 92' lang='lat' dir='ltr'>eo</span> <span class='ocrx_word' id='word_1_118' title='bbox 808 1723 954 1792; x_wconf 88' lang='lat' dir='ltr'>scientius,</span> <span class='ocrx_word' id='word_1_119' title='bbox 969 1721 1049 1798; x_wconf 94' lang='lat' dir='ltr'>quod</span> <span class='ocrx_word' id='word_1_120' title='bbox 1063 1721 1141 1796; x_wconf 92' lang='lat' dir='ltr'>apud</span> <span class='ocrx_word' id='word_1_121' title='bbox 1152 1739 1205 1781; x_wconf 89' lang='lat' dir='ltr'>eos</span> 
     </span>
     <span class='ocr_line' id='line_1_17' title="bbox 209 1819 1205 1897; baseline -0.001 -20"><span class='ocrx_word' id='word_1_122' title='bbox 209 1838 335 1896; x_wconf 85' lang='lat' dir='ltr'>magnae</span> <span class='ocrx_word' id='word_1_123' title='bbox 350 1831 417 1880; x_wconf 87' lang='lat' dir='ltr'>sunt</span> <span class='ocrx_word' id='word_1_124' title='bbox 430 1821 563 1880; x_wconf 87' lang='lat' dir='ltr'>ferrariae</span> <span class='ocrx_word' id='word_1_125' title='bbox 578 1830 664 1896; x_wconf 89' lang='lat' dir='ltr'>atque</span> <span class='ocrx_word' id='word_1_126' title='bbox 674 1839 767 1880; x_wconf 89' lang='lat' dir='ltr'>omne</span> <span class='ocrx_word' id='word_1_127' title='bbox 781 1839 874 1897; x_wconf 88' lang='lat' dir='ltr'>genus</span> <span class='ocrx_word' id='word_1_128' title='bbox 889 1819 1088 1878; x_wconf 89' lang='lat' dir='ltr'>cuniculorum</span> <span class='ocrx_word' id='word_1_129' title='bbox 1101 1829 1205 1877; x_wconf 92' lang='lat' dir='ltr'>notum</span> 
     </span>
     <span class='ocr_line' id='line_1_18' title="bbox 209 1919 1206 1997; baseline 0 -19"><span class='ocrx_word' id='word_1_130' title='bbox 209 1930 297 1997; x_wconf 88' lang='lat' dir='ltr'>atque</span> <span class='ocrx_word' id='word_1_131' title='bbox 319 1921 456 1979; x_wconf 84' lang='lat' dir='ltr'>usitatum</span> <span class='ocrx_word' id='word_1_132' title='bbox 476 1929 529 1978; x_wconf 90' lang='lat' dir='ltr'>est.</span> <span class='ocrx_word' id='word_1_133' title='bbox 573 1919 684 1978; x_wconf 87' lang='lat' dir='ltr'>Totum</span> <span class='ocrx_word' id='word_1_134' title='bbox 704 1930 803 1978; x_wconf 85' lang='lat' dir='ltr'>autem</span> <span class='ocrx_word' id='word_1_135' title='bbox 823 1937 939 1977; x_wconf 90' lang='lat' dir='ltr'>murum</span> <span class='ocrx_word' id='word_1_136' title='bbox 959 1937 997 1978; x_wconf 89' lang='lat' dir='ltr'>ex</span> <span class='ocrx_word' id='word_1_137' title='bbox 1018 1919 1098 1977; x_wconf 90' lang='lat' dir='ltr'>omni</span> <span class='ocrx_word' id='word_1_138' title='bbox 1123 1930 1206 1995; x_wconf 90' lang='lat' dir='ltr'>parte</span> 
     </span>
     <span class='ocr_line' id='line_1_19' title="bbox 210 2018 1206 2096; baseline -0.001 -18"><span class='ocrx_word' id='word_1_139' title='bbox 210 2021 335 2079; x_wconf 91' lang='lat' dir='ltr'>turribus</span> <span class='ocrx_word' id='word_1_140' title='bbox 356 2020 610 2079; x_wconf 86' lang='lat' dir='ltr'>contabulaverant</span> <span class='ocrx_word' id='word_1_141' title='bbox 628 2031 715 2096; x_wconf 91' lang='lat' dir='ltr'>atque</span> <span class='ocrx_word' id='word_1_142' title='bbox 733 2018 786 2078; x_wconf 90' lang='lat' dir='ltr'>has</span> <span class='ocrx_word' id='word_1_143' title='bbox 807 2019 892 2078; x_wconf 88' lang='lat' dir='ltr'>coriis</span> <span class='ocrx_word' id='word_1_144' title='bbox 913 2019 1082 2076; x_wconf 83' lang='lat' dir='ltr'>intexerent.</span> <span class='ocrx_word' id='word_1_145' title='bbox 1124 2019 1206 2077; x_wconf 89' lang='lat' dir='ltr'>Tum</span> 
     </span>
     <span class='ocr_line' id='line_1_20' title="bbox 209 2118 1205 2196; baseline -0.002 -18"><span class='ocrx_word' id='word_1_146' title='bbox 209 2120 318 2178; x_wconf 84' lang='lat' dir='ltr'>crebris</span> <span class='ocrx_word' id='word_1_147' title='bbox 339 2119 448 2178; x_wconf 89' lang='lat' dir='ltr'>diurnis</span> <span class='ocrx_word' id='word_1_148' title='bbox 467 2119 677 2196; x_wconf 86' lang='lat' dir='ltr'>nocturnisque</span> <span class='ocrx_word' id='word_1_149' title='bbox 699 2119 899 2196; x_wconf 90' lang='lat' dir='ltr'>eruptionibus</span> <span class='ocrx_word' id='word_1_150' title='bbox 920 2127 970 2178; x_wconf 89' lang='lat' dir='ltr'>aut</span> <span class='ocrx_word' id='word_1_151' title='bbox 991 2118 1090 2194; x_wconf 87' lang='lat' dir='ltr'>aggeri</span> <span class='ocrx_word' id='word_1_152' title='bbox 1107 2119 1205 2194; x_wconf 88' lang='lat' dir='ltr'>ignem</span> 
     </span>
    </p>
   </div>
   <div class='ocr_carea' id='block_1_4' title="bbox 164 2217 1310 2294">
    <p class='ocr_par' dir='ltr' id='par_1_7' title="bbox 164 2217 1310 2294">
     <span class='ocr_line' id='line_1_21' title="bbox 164 2217 1310 2294; baseline -0.002 -15"><span class='ocrx_word' id='word_1_153' title='bbox 164 2217 372 2282; x_wconf 73' lang='lat' dir='ltr'>aoinferebartt</span> <span class='ocrx_word' id='word_1_154' title='bbox 396 2227 445 2276; x_wconf 88' lang='lat' dir='ltr'>ant</span> <span class='ocrx_word' id='word_1_155' title='bbox 469 2218 573 2276; x_wconf 91' lang='lat' dir='ltr'>milites</span> <span class='ocrx_word' id='word_1_156' title='bbox 597 2227 758 2294; x_wconf 89' lang='lat' dir='ltr'>occupatos</span> <span class='ocrx_word' id='word_1_157' title='bbox 780 2217 812 2276; x_wconf 87' lang='lat' dir='ltr'>in</span> <span class='ocrx_word' id='word_1_158' title='bbox 835 2234 925 2293; x_wconf 86' lang='lat' dir='ltr'>opere</span> <span class='ocrx_word' id='word_1_159' title='bbox 949 2217 1154 2276; x_wconf 88' lang='lat' dir='ltr'>adoriebantur</span> <span class='ocrx_word' id='word_1_160' title='bbox 1177 2229 1206 2277; x_wconf 90' lang='lat' dir='ltr'>et</span> <span class='ocrx_word' id='word_1_161' title='bbox 1309 2227 1310 2232; x_wconf 77' lang='grc'>’</span> 
     </span>
    </p>
   </div>
   <div class='ocr_carea' id='block_1_5' title="bbox 164 2315 1207 3576">
    <p class='ocr_par' dir='ltr' id='par_1_8' title="bbox 164 2315 1207 3576">
     <span class='ocr_line' id='line_1_22' title="bbox 210 2315 1205 2392; baseline 0.002 -18"><span class='ocrx_word' id='word_1_162' title='bbox 210 2326 374 2376; x_wconf 89' lang='lat' dir='ltr'>nostrarum</span> <span class='ocrx_word' id='word_1_163' title='bbox 408 2315 528 2374; x_wconf 91' lang='lat' dir='ltr'>turrium</span> <span class='ocrx_word' id='word_1_164' title='bbox 563 2315 751 2387; x_wconf 86' lang='lat' dir='ltr'>altitudinem,</span> <span class='ocrx_word' id='word_1_165' title='bbox 785 2326 926 2392; x_wconf 89' lang='lat' dir='ltr'>quantum</span> <span class='ocrx_word' id='word_1_166' title='bbox 957 2315 1009 2374; x_wconf 88' lang='lat' dir='ltr'>has</span> <span class='ocrx_word' id='word_1_167' title='bbox 1042 2317 1205 2376; x_wconf 90' lang='lat' dir='ltr'>cotidianus</span> 
     </span>
     <span class='ocr_line' id='line_1_23' title="bbox 210 2413 1205 2491; baseline 0.001 -19"><span class='ocrx_word' id='word_1_168' title='bbox 210 2432 299 2490; x_wconf 88' lang='lat' dir='ltr'>agger</span> <span class='ocrx_word' id='word_1_169' title='bbox 327 2424 516 2491; x_wconf 88' lang='lat' dir='ltr'>expresserat,</span> <span class='ocrx_word' id='word_1_170' title='bbox 546 2414 710 2473; x_wconf 90' lang='lat' dir='ltr'>commissis</span> <span class='ocrx_word' id='word_1_171' title='bbox 739 2431 862 2472; x_wconf 77' lang='lat' dir='ltr'>:suarum</span> <span class='ocrx_word' id='word_1_172' title='bbox 888 2413 1009 2472; x_wconf 81' lang='lat' dir='ltr'>urrrium</span> <span class='ocrx_word' id='word_1_173' title='bbox 1040 2414 1124 2473; x_wconf 91' lang='lat' dir='ltr'>malis</span> <span class='ocrx_word' id='word_1_174' title='bbox 1155 2415 1205 2473; x_wconf 88' lang='lat' dir='ltr'>ad-</span> 
     </span>
     <span class='ocr_line' id='line_1_24' title="bbox 210 2512 1206 2590; baseline 0.005 -20"><span class='ocrx_word' id='word_1_175' title='bbox 210 2512 382 2589; x_wconf 87' lang='lat' dir='ltr'>aequabant,</span> <span class='ocrx_word' id='word_1_176' title='bbox 395 2521 423 2570; x_wconf 90' lang='lat' dir='ltr'>et</span> <span class='ocrx_word' id='word_1_177' title='bbox 437 2523 553 2590; x_wconf 87' lang='lat' dir='ltr'>apertos</span> <span class='ocrx_word' id='word_1_178' title='bbox 567 2512 718 2571; x_wconf 92' lang='lat' dir='ltr'>cuniculos</span> <span class='ocrx_word' id='word_1_179' title='bbox 732 2522 867 2588; x_wconf 87' lang='lat' dir='ltr'>praeusta</span> <span class='ocrx_word' id='word_1_180' title='bbox 877 2521 905 2570; x_wconf 91' lang='lat' dir='ltr'>et</span> <span class='ocrx_word' id='word_1_181' title='bbox 914 2522 1071 2588; x_wconf 87' lang='lat' dir='ltr'>praeacuta</span> <span class='ocrx_word' id='word_1_182' title='bbox 1084 2515 1206 2575; x_wconf 83' lang='lat' dir='ltr'>materia</span> 
     </span>
     <span class='ocr_line' id='line_1_25' title="bbox 210 2610 1206 2686; baseline 0.002 -18"><span class='ocrx_word' id='word_1_183' title='bbox 210 2618 238 2668; x_wconf 86' lang='lat' dir='ltr'>et</span> <span class='ocrx_word' id='word_1_184' title='bbox 264 2611 329 2686; x_wconf 89' lang='lat' dir='ltr'>pice</span> <span class='ocrx_word' id='word_1_185' title='bbox 357 2610 511 2671; x_wconf 81' lang='lat' dir='ltr'>fervefacta</span> <span class='ocrx_word' id='word_1_186' title='bbox 538 2621 567 2670; x_wconf 88' lang='lat' dir='ltr'>et</span> <span class='ocrx_word' id='word_1_187' title='bbox 594 2611 712 2669; x_wconf 87' lang='lat' dir='ltr'>maximi</span> <span class='ocrx_word' id='word_1_188' title='bbox 739 2611 877 2686; x_wconf 91' lang='lat' dir='ltr'>ponderis</span> <span class='ocrx_word' id='word_1_189' title='bbox 907 2611 985 2669; x_wconf 86' lang='lat' dir='ltr'>saxis</span> <span class='ocrx_word' id='word_1_190' title='bbox 1017 2613 1206 2670; x_wconf 89' lang='lat' dir='ltr'>morabantur</span> 
     </span>
     <span class='ocr_line' id='line_1_26' title="bbox 165 2709 1206 2788; baseline 0 -18"><span class='ocrx_word' id='word_1_191' title='bbox 165 2728 195 2778; x_wconf 76' lang='lat'>25</span> <span class='ocrx_word' id='word_1_192' title='bbox 209 2710 421 2786; x_wconf 89' lang='lat' dir='ltr'>moenibusque</span> <span class='ocrx_word' id='word_1_193' title='bbox 438 2711 672 2788; x_wconf 89' lang='lat' dir='ltr'>appropinquare</span> <span class='ocrx_word' id='word_1_194' title='bbox 692 2709 893 2786; x_wconf 89' lang='lat' dir='ltr'>prohibebant.</span> <span class='ocrx_word' id='word_1_195' title='bbox 935 2716 986 2770; x_wconf 86' lang='lat'>23.</span> <span class='ocrx_word' id='word_1_196' title='bbox 1008 2710 1086 2769; x_wconf 90' lang='lat' dir='ltr'>Muri</span> <span class='ocrx_word' id='word_1_197' title='bbox 1107 2723 1206 2770; x_wconf 88' lang='lat' dir='ltr'>autem</span> 
     </span>
     <span class='ocr_line' id='line_1_27' title="bbox 210 2807 1206 2886; baseline 0.003 -20"><span class='ocrx_word' id='word_1_198' title='bbox 210 2825 314 2867; x_wconf 91' lang='lat' dir='ltr'>omnes</span> <span class='ocrx_word' id='word_1_199' title='bbox 336 2807 440 2868; x_wconf 86' lang='lat' dir='ltr'>Gallici</span> <span class='ocrx_word' id='word_1_200' title='bbox 460 2809 515 2867; x_wconf 90' lang='lat' dir='ltr'>hac</span> <span class='ocrx_word' id='word_1_201' title='bbox 536 2807 596 2866; x_wconf 85' lang='lat' dir='ltr'>fere</span> <span class='ocrx_word' id='word_1_202' title='bbox 616 2807 710 2866; x_wconf 83' lang='lat' dir='ltr'>forma</span> <span class='ocrx_word' id='word_1_203' title='bbox 731 2817 805 2866; x_wconf 89' lang='lat' dir='ltr'>sunt.</span> <span class='ocrx_word' id='word_1_204' title='bbox 847 2808 961 2867; x_wconf 87' lang='lat' dir='ltr'>Trabes</span> <span class='ocrx_word' id='word_1_205' title='bbox 983 2809 1116 2880; x_wconf 91' lang='lat' dir='ltr'>directae,</span> <span class='ocrx_word' id='word_1_206' title='bbox 1138 2829 1206 2886; x_wconf 90' lang='lat' dir='ltr'>per-</span> 
     </span>
     <span class='ocr_line' id='line_1_28' title="bbox 209 2906 1206 2983; baseline 0.003 -19"><span class='ocrx_word' id='word_1_207' title='bbox 209 2917 313 2982; x_wconf 89' lang='lat' dir='ltr'>petuae</span> <span class='ocrx_word' id='word_1_208' title='bbox 332 2907 363 2964; x_wconf 92' lang='lat' dir='ltr'>in</span> <span class='ocrx_word' id='word_1_209' title='bbox 381 2907 593 2983; x_wconf 88' lang='lat' dir='ltr'>longitudinem</span> <span class='ocrx_word' id='word_1_210' title='bbox 612 2907 729 2983; x_wconf 91' lang='lat' dir='ltr'>paribus</span> <span class='ocrx_word' id='word_1_211' title='bbox 751 2906 912 2975; x_wconf 90' lang='lat' dir='ltr'>intervallis,</span> <span class='ocrx_word' id='word_1_212' title='bbox 933 2907 1071 2966; x_wconf 91' lang='lat' dir='ltr'>distantes</span> <span class='ocrx_word' id='word_1_213' title='bbox 1085 2910 1158 2966; x_wconf 92' lang='lat' dir='ltr'>inter</span> <span class='ocrx_word' id='word_1_214' title='bbox 1172 2926 1206 2967; x_wconf 89' lang='lat' dir='ltr'>se</span> 
     </span>
     <span class='ocr_line' id='line_1_29' title="bbox 209 3004 1207 3081; baseline 0.003 -18"><span class='ocrx_word' id='word_1_215' title='bbox 209 3006 295 3066; x_wconf 88' lang='lat' dir='ltr'>binos</span> <span class='ocrx_word' id='word_1_216' title='bbox 310 3005 400 3081; x_wconf 88' lang='lat' dir='ltr'>pedes</span> <span class='ocrx_word' id='word_1_217' title='bbox 417 3006 448 3063; x_wconf 90' lang='lat' dir='ltr'>in</span> <span class='ocrx_word' id='word_1_218' title='bbox 467 3006 530 3065; x_wconf 91' lang='lat' dir='ltr'>solo</span> <span class='ocrx_word' id='word_1_219' title='bbox 545 3005 732 3065; x_wconf 89' lang='lat' dir='ltr'>collocantur.</span> <span class='ocrx_word' id='word_1_220' title='bbox 774 3004 841 3062; x_wconf 89' lang='lat' dir='ltr'>Hae</span> <span class='ocrx_word' id='word_1_221' title='bbox 855 3005 1049 3064; x_wconf 87' lang='lat' dir='ltr'>revinciuntur</span> <span class='ocrx_word' id='word_1_222' title='bbox 1062 3008 1207 3066; x_wconf 89' lang='lat' dir='ltr'>introrsus</span> 
     </span>
     <span class='ocr_line' id='line_1_30' title="bbox 209 3104 1206 3181; baseline 0.002 -19"><span class='ocrx_word' id='word_1_223' title='bbox 209 3112 238 3162; x_wconf 88' lang='lat' dir='ltr'>et</span> <span class='ocrx_word' id='word_1_224' title='bbox 255 3105 347 3163; x_wconf 90' lang='lat' dir='ltr'>multo</span> <span class='ocrx_word' id='word_1_225' title='bbox 364 3122 470 3180; x_wconf 87' lang='lat' dir='ltr'>aggere</span> <span class='ocrx_word' id='word_1_226' title='bbox 490 3105 664 3176; x_wconf 88' lang='lat' dir='ltr'>vestiuntur;</span> <span class='ocrx_word' id='word_1_227' title='bbox 689 3121 725 3160; x_wconf 92' lang='lat' dir='ltr'>ea</span> <span class='ocrx_word' id='word_1_228' title='bbox 744 3113 849 3174; x_wconf 87' lang='lat' dir='ltr'>autern,</span> <span class='ocrx_word' id='word_1_229' title='bbox 869 3123 946 3181; x_wconf 92' lang='lat' dir='ltr'>quae</span> <span class='ocrx_word' id='word_1_230' title='bbox 962 3104 1095 3174; x_wconf 78' lang='lat' dir='ltr'>diximuS,</span> <span class='ocrx_word' id='word_1_231' title='bbox 1115 3105 1206 3164; x_wconf 90' lang='lat' dir='ltr'>inter-</span> 
     </span>
     <span class='ocr_line' id='line_1_31' title="bbox 164 3201 1207 3288; baseline 0.004 -28"><span class='ocrx_word' id='word_1_232' title='bbox 164 3243 197 3288; x_wconf 77' lang='lat'>30</span> <span class='ocrx_word' id='word_1_233' title='bbox 209 3203 282 3262; x_wconf 91' lang='lat' dir='ltr'>valla</span> <span class='ocrx_word' id='word_1_234' title='bbox 302 3203 462 3279; x_wconf 87' lang='lat' dir='ltr'>grandibus</span> <span class='ocrx_word' id='word_1_235' title='bbox 479 3203 512 3261; x_wconf 89' lang='lat' dir='ltr'>in</span> <span class='ocrx_word' id='word_1_236' title='bbox 528 3202 623 3261; x_wconf 88' lang='lat' dir='ltr'>fronte</span> <span class='ocrx_word' id='word_1_237' title='bbox 644 3203 721 3260; x_wconf 84' lang='lat' dir='ltr'>saxis</span> <span class='ocrx_word' id='word_1_238' title='bbox 742 3201 933 3263; x_wconf 84' lang='lat' dir='ltr'>offarciuntur.</span> <span class='ocrx_word' id='word_1_239' title='bbox 977 3201 1033 3262; x_wconf 87' lang='lat' dir='ltr'>His</span> <span class='ocrx_word' id='word_1_240' title='bbox 1051 3203 1207 3264; x_wconf 85' lang='lat' dir='ltr'>collocatis</span> 
     </span>
     <span class='ocr_line' id='line_1_32' title="bbox 209 3301 1207 3378; baseline 0.003 -18"><span class='ocrx_word' id='word_1_241' title='bbox 209 3312 238 3360; x_wconf 91' lang='lat' dir='ltr'>et</span> <span class='ocrx_word' id='word_1_242' title='bbox 265 3302 474 3378; x_wconf 88' lang='lat' dir='ltr'>coagmentatis</span> <span class='ocrx_word' id='word_1_243' title='bbox 499 3301 570 3360; x_wconf 88' lang='lat' dir='ltr'>alius</span> <span class='ocrx_word' id='word_1_244' title='bbox 594 3302 712 3377; x_wconf 90' lang='lat' dir='ltr'>insuper</span> <span class='ocrx_word' id='word_1_245' title='bbox 734 3301 808 3360; x_wconf 80' lang='lat' dir='ltr'>:ordo</span> <span class='ocrx_word' id='word_1_246' title='bbox 834 3302 955 3373; x_wconf 87' lang='lat' dir='ltr'>additur,</span> <span class='ocrx_word' id='word_1_247' title='bbox 979 3312 1012 3362; x_wconf 91' lang='lat' dir='ltr'>ut</span> <span class='ocrx_word' id='word_1_248' title='bbox 1036 3301 1114 3362; x_wconf 91' lang='lat' dir='ltr'>idem</span> <span class='ocrx_word' id='word_1_249' title='bbox 1134 3304 1207 3364; x_wconf 92' lang='lat' dir='ltr'>illud</span> 
     </span>
     <span class='ocr_line' id='line_1_33' title="bbox 210 3400 1206 3476; baseline 0.007 -21"><span class='ocrx_word' id='word_1_250' title='bbox 210 3400 388 3459; x_wconf 84' lang='lat' dir='ltr'>intervallrnn</span> <span class='ocrx_word' id='word_1_251' title='bbox 410 3409 538 3459; x_wconf 88' lang='lat' dir='ltr'>servetur</span> <span class='ocrx_word' id='word_1_252' title='bbox 558 3418 654 3476; x_wconf 91' lang='lat' dir='ltr'>neque</span> <span class='ocrx_word' id='word_1_253' title='bbox 675 3401 749 3458; x_wconf 91' lang='lat' dir='ltr'>inter</span> <span class='ocrx_word' id='word_1_254' title='bbox 773 3419 805 3459; x_wconf 90' lang='lat' dir='ltr'>se</span> <span class='ocrx_word' id='word_1_255' title='bbox 829 3400 1000 3476; x_wconf 88' lang='lat' dir='ltr'>contingant</span> <span class='ocrx_word' id='word_1_256' title='bbox 1020 3403 1125 3474; x_wconf 87' lang='lat' dir='ltr'>trabes,</span> <span class='ocrx_word' id='word_1_257' title='bbox 1151 3405 1206 3463; x_wconf 90' lang='lat' dir='ltr'>sed</span> 
     </span>
     <span class='ocr_line' id='line_1_34' title="bbox 207 3497 1205 3576; baseline 0.008 -22"><span class='ocrx_word' id='word_1_258' title='bbox 207 3497 326 3568; x_wconf 82' lang='lat' dir='ltr'>paribus</span> <span class='ocrx_word' id='word_1_259' title='bbox 345 3499 524 3560; x_wconf 87' lang='lat' dir='ltr'>intermissae</span> <span class='ocrx_word' id='word_1_260' title='bbox 541 3498 640 3576; x_wconf 87' lang='lat' dir='ltr'>spatiis</span> <span class='ocrx_word' id='word_1_261' title='bbox 657 3498 788 3576; x_wconf 83' lang='lat' dir='ltr'>singulae</span> <span class='ocrx_word' id='word_1_262' title='bbox 806 3499 925 3576; x_wconf 87' lang='lat' dir='ltr'>singulis</span> <span class='ocrx_word' id='word_1_263' title='bbox 944 3501 1025 3559; x_wconf 85' lang='lat' dir='ltr'>saxis</span> <span class='ocrx_word' id='word_1_264' title='bbox 1046 3500 1205 3562; x_wconf 89' lang='lat' dir='ltr'>interiectis</span> 
     </span>
    </p>
   </div>
   <div class='ocr_carea' id='block_1_6' title="bbox 0 0 1330 3918">
    <p class='ocr_par' dir='ltr' id='par_1_9' title="bbox 0 0 1330 3918">
     <span class='ocr_line' id='line_1_35' title="bbox 0 0 1330 3918; baseline 0 0"><span class='ocrx_word' id='word_1_265' title='bbox 0 0 1330 3918; x_wconf 95' lang='lat' dir='ltr'> </span> 
     </span>
    </p>
   </div>
  </div>
 </body>
</html>
