2630 3916
50 252 54 329 ζ
88 255 188 320 -I-·-4.
312 253 358 300 DE
379 247 490 299 BELLO
513 245 666 300 GALLIOO
691 241 1088 317 ooMM.111.''51

51 410 54 419 “
88 402 171 464 Cum
185 403 247 462 dies
265 401 454 461 hibernorum
475 400 640 478 complures
659 343 844 470 transisserid
857 398 1093 474 frumentumque

52 495 64 585 ζ’
89 520 127 561 eo
143 501 320 577 comportari
334 471 472 572 iussisse,
487 501 583 560 subito
597 517 650 577 per
663 499 861 578 exploratores
880 496 985 556 certior
999 495 1058 555 lact
1046 505 1093 556 tus

54 656 56 664 ,
88 610 136 659 est
158 617 194 658 ex
213 618 249 658 ea
266 608 349 676 parte
366 599 430 670 vici,
449 617 538 676 quam
555 597 647 660 Gallis
666 605 858 666 concesserat,
878 613 982 654 omnes
1002 603 1094 654 noctu

55 711 58 745 ι
91 699 263 758 discessisse
281 707 465 774 montesque,
486 698 536 775 qui
554 697 765 774 impenderent,
784 714 803 754 a
822 695 951 752 maxima
968 693 1096 752 multitu·

90 783 162 870 dine
177 797 364 856 Sedunorum
378 806 408 855 et
421 795 620 873 Veragrorum
633 797 733 855 teneri.
775 793 811 854 ld
825 794 935 870 aliquot
949 793 986 852 de
1000 792 1096 851 causis
1111 813 1125 860 5

58 932 69 969 ;,
91 896 242 956 acciderat
260 904 293 953 ut
314 895 410 953 subito
430 877 592 954 Galilbehi
614 893 774 954 renovandi
796 893 976 969 legionisque
998 892 1098 968 oppri-

93 953 392 1086 mendae)ionsilium
411 973 567 1070 caperent:
588 994 723 1070 primum,
739 993 836 1076 quod
841 992 986 1068 legionem
1002 1007 1098 1067 neque

1103 1055 1119 1120 3

95 1111 163 1154 eam
177 1092 376 1168 plenissimam
391 1091 526 1151 detractis
539 1092 710 1176 cohortibus
724 1091 838 1150 duabus
855 1100 885 1149 et
901 1090 1098 1166 compluribus

16 1221 18 1227 ·
53 1184 64 1273 ’ς
96 1191 273 1268 singillatim,
288 1190 337 1266 qui
352 1202 539 1250 commeatus
548 1167 667 1266 petendi
681 1207 769 1249 causa
783 1190 864 1249 missi
875 1197 966 1260 erant,
981 1198 1100 1264 propter

61 1290 65 1364 Ϊ
96 1290 274 1368 paucitatem
287 1288 497 1364 despiciebant3
514 1297 578 1346 turn
588 1290 676 1347 etiam
678 1287 777 1364 ,quod
787 1297 907 1365 propter
917 1286 1007 1364 iniqui
1009 1296 1099 1346 tatem
1113 1305 1145 1342 ιιι

97 1387 164 1460 ioci,
190 1406 258 1447 cum
282 1387 338 1463 ipsi
362 1406 400 1445 ex
421 1389 606 1448 montibus'
599 1407 629 1446 m
654 1388 758 1447 vallem
781 1389 1020 1448 decurrerentet
1044 1386 1101 1446 tela

99 1488 274 1558 conicerent,
289 1505 413 1562 nepnm

480 1487 598 1564 quidem
613 1503 702 1563 posse
713 1488 855 1563 impetum
869 1505 955 1550 suurn
969 1487 1102 1546 sustineri
1102 1523 1148 1593 f

65 1594 69 1654 ζ
99 1585 313 1646 existimabant.
354 1505 524 1644 Accffebat
526 1586 627 1661 ,quod
641 1603 712 1644 suos
725 1586 764 1644 ab
775 1571 924 1671 sq'liberos
939 1567 1107 1645 abstractos

66 1669 70 1685 ¹
99 1685 238 1744 obsidrun
257 1683 378 1742 nomine
398 1683 545 1754 dolebant,
560 1693 589 1742 et
602 1683 757 1743 Romanos
776 1701 838 1743 non
857 1685 975 1744 solum
967 1685 1102 1752 itinerum

100 1801 198 1853 causa,
227 1782 281 1841 sed
309 1783 396 1840 etiam
424 1791 582 1858 perpetuae
609 1783 804 1858 possessionis
831 1783 957 1842 culmina
983 1783 1102 1860 Alpium
1118 1797 1147 1848 15

69 1881 72 1893 '
100 1900 246 1958 occupare
260 1881 360 2028 ephan
374 1889 403 1938 et
416 1899 452 1938 ea
466 1880 531 1938 loca
545 1880 684 1940 finitimae
699 1881 864 1956 provinciae
876 1881 1034 1957 adiungere
1049 1881 1104 1939 sibi

70 2033 73 2047 ,
100 1997 274 2062 persuasum
298 1977 453 2037 habebant.
496 1985 525 2038 8.
548 1978 605 2038 His
629 1979 737 2038 nuntiis
764 1978 891 2055 acceptis
917 1978 1020 2049 Galba,
1036 1997 1104 2037 cum

100 2098 198 2157 neque
209 2097 285 2155 opus
298 2079 487 2138 hibernorum
496 2080 730 2155 munitionesque
741 2079 829 2155 plene
840 2088 938 2138 essent
947 2077 1103 2154 perfectae,

71 2176 75 2188 '
96 2197 199 2256 neque
211 2177 248 2236 de
259 2176 405 2236 frumento
416 2177 585 2252 reliquoque
597 2185 764 2235 commeatu
775 2176 844 2234 satis
857 2185 935 2234 esset
945 2177 1103 2252 provisum,

97 2277 185 2354 'quod
209 2275 358 2334 deditione
382 2275 460 2334 iacta
484 2275 693 2350 obsidibusque
718 2274 845 2350 acceptis
873 2274 943 2332 nihil
968 2275 1004 2334 de
1027 2275 1151 2335 bellone

101 2375 267 2435 timendum
294 2373 515 2444 existimaverat,
544 2373 666 2432 consilio
695 2373 823 2432 celeriter
846 2383 1010 2432 convocato
1038 2391 1105 2434 sen-

100 2475 210 2534 tentias
244 2472 399 2581 exquirere
422 2472 534 2548 coepit.-
570 2470 680 2543 Quo
672 2490 703 2530 ιιι
731 2473 862 2544 consili0,
898 2491 965 2532 cum
993 2483 1106 2533 tantum

102 2582 207 2649 repent
208 2571 248 2629 im
240 2541 399 2647 'periculi
397 2579 511 2646 praeter
525 2570 696 2646 opinionem
710 2569 871 2642 accidisset,
886 2589 920 2630 ac
934 2572 993 2630 iam
1007 2573 1108 2630 omnia

99 2669 165 2729 fere
191 2670 341 2745 superiora
365 2669 431 2728 loca
455 2668 639 2727 multitudine
662 2677 841 2728 armatorum
866 2671 1012 2748 completa
1037 2689 1107 2730 con-

103 2769 293 2846 spicerentur,
318 2787 414 2844 neque
444 2767 574 2826 subsidio
594 2737 807 2844 venirizneque
832 2779 1014 2828 commeatus
1038 2787 1105 2848 sup·
1123 2791 1151 2841 ²5

103 2866 214 2944 portari
237 2866 398 2925 interclusis
426 2833 590 2925 ιιιιιειιιιιιὲδ
599 2876 729 2942 possent,
755 2885 848 2944 prope
873 2869 931 2926 iarn
956 2868 1110 2945 desperata

104 2965 197 3024 salute
212 2965 372 3023 nonnullae
387 2963 554 3024 huiusmodi
574 2965 733 3024 sententiae
748 2966 926 3038 dicebantur,
940 2977 972 3026 ut
987 2967 1109 3044 impedi-

102 3064 211 3123 mentis
236 3063 341 3122 relictis
370 3064 520 3140 eruptione
543 3062 619 3130 facta
643 3063 737 3123 isdem
761 3065 919 3137 itineribus,
943 3054 1048 3142 quihus
1073 3081 1110 3123 eo

104 3162 321 3238 pervenissent,
337 3162 375 3221 ad
397 3161 518 3242 salutem
538 3162 756 3221 contenderent.
799 3162 905 3223 Maiori
924 3173 1023 3223 tamen
1036 3164 1111 3240 parti

105 3261 214 3338 placuit
247 3260 307 3320 hoc
339 3271 486 3344 reservato
514 3261 553 3320 ad
585 3271 748 3320 extremum
777 3263 899 3322 consilio
927 3263 1042 3322 interim
1069 3263 1110 3320 rei
1124 3279 1156 3329 30

106 3370 275 3419 eventume
352 3361 384 3418 'ri
402 3370 432 3419 et
446 3368 539 3419 castra
553 3358 718 3419 defendere.
761 3361 897 3422 4.Βιιινι
912 3361 1007 3438 spatio
1022 3362 1109 3420 inter·

30 3519 32 3524 ,
106 3459 209 3531 iecto,
217 3459 266 3516 vix
289 3469 322 3517 ut
346 3460 443 3529 rebus,
467 3475 540 3535 quas
565 3427 796 3530 constituissent,
818 3458 996 3518 collocandis
1024 3470 1111 3536 atque

30 3543 46 3599 '³
109 3557 346 3617 admbnsbandis
367 3568 483 3635 tempus
504 3557 627 3629 daretur,
648 3557 716 3616 host
704 3566 748 3616 tes
769 3575 805 3616 ex
826 3556 962 3618 omnibus
981 3559 1110 3636 partibus

560 3673 618 3716 ΕΒ
