2650 3918
121 191 238 258 9—12.
374 189 420 236 on
440 189 551 239 nstro
573 188 735 240 oristeo·
749 189 859 239 eoum
885 191 916 241 r.
1080 171 1120 258 89

119 354 262 412 magnum
296 354 361 396 esse
396 339 617 398 incommodum
652 350 812 416 acceptum.
842 346 906 398 'IL
929 338 992 397 His
1031 339 1119 396 rebus

120 438 246 512 cognitis
288 436 400 497 Cacsar
437 437 567 514 legiones
609 440 827 516 equitatumque
865 439 993 498 revocari
1031 447 1117 514 atque

119 535 220 594 itinere
240 536 379 594 desistere
394 537 481 608 iubet,
501 537 565 613 ipse
584 538 726 596 adnaves
744 539 909 608 revertitur3
931 538 1034 596 eadem
1049 537 1117 607 fere,

120 652 196 710 quae
206 653 243 693 ex
258 635 367 693 nuntiis
382 635 540 712 litterisque
556 645 741 711 cognoverat,
757 654 857 696 coram
871 635 1018 713 perspicit,
1031 636 1072 694 sic
1087 645 1118 694 ut

120 733 235 792 amissis
269 733 380 792 circiter
408 751 447 790 xa
474 734 596 793 mribus
631 734 758 811 reliquae
792 745 891 794 tamen
918 735 997 792 refici
1029 751 1146 810 posse5

119 848 231 910 magno
259 832 378 907 negotio
407 833 580 916 ¹viderentur.
634 832 742 909 ltaque·
765 852 801 891 ex
829 833 995 911 legionibus
1019 832 1118 891 fabros

85 977 87 984 .
121 930 221 1006 deligit
239 940 268 988 et
289 949 326 989 ex
345 931 505 989 continenti
523 931 595 990 alios
615 933 721 990 arcessi
739 933 835 1002 iubet;
861 932 993 991 Labieno
1012 932 1118 1002 scribit,

121 1038 160 1099 ut,
184 1046 274 1104 quam
298 1029 436 1105 plurimas
460 1039 570 1106 posset,
594 1029 636 1108 iis
653 1030 825 1106 legionibus,
851 1048 925 1107 quae
951 1040 1017 1089 sunt
1040 1030 1119 1106 apud

121 1147 198 1200 eum,
220 1147 308 1188 naves
329 1129 466 1190 instituat.
508 1129 585 1206 Ipse,
608 1131 660 1189 etsi
681 1149 728 1190 res
749 1141 810 1190 erat
828 1132 937 1190 multae
959 1149 1066 1207 operae
1085 1147 1119 1188 ae

121 1228 237 1298 laboris,
266 1237 364 1286 tamen
389 1229 660 1288 commodissimum
682 1248 748 1288 esse
776 1231 874 1289 statuit
899 1249 1002 1290 omnes
1030 1247 1120 1288 naves
1134 1243 1166 1280 10

123 1326 245 1385 subduci
270 1336 299 1385 et
323 1345 390 1385 cum
419 1328 519 1386 castris
547 1329 794 1388 anamunitione
822 1329 969 1405 coniungi.
1012 1327 1047 1386 In
1074 1327 1119 1387 his

122 1426 208 1484 rebus
231 1425 342 1484 circiter
365 1425 428 1484 dies
452 1445 472 1484 x
498 1426 644 1486 consumit
668 1445 706 1484 ne
731 1428 880 1512 nocturnis
905 1425 1023 1514 qu'dem
1047 1436 1120 1485 tem-

122 1525 242 1600 poribus
268 1524 305 1582 ad
330 1523 461 1583 laborem
485 1524 608 1582 militurn
636 1525 814 1583 intermissis.
858 1505 1014 1584 Subdudlii
1041 1527 1120 1584 navi-

120 1624 176 1681 bus
202 1623 359 1698 castrisque
385 1623 500 1699 egregie
528 1625 646 1682 munitis
671 1624 790 1682 easdem
815 1626 924 1701 copias,
949 1643 1023 1700 quas
1044 1634 1120 1696 ante,

121 1721 268 1798 praesidio
302 1723 425 1780 navibus
463 1721 586 1798 reliquit,
622 1723 684 1798 ipse
720 1723 833 1794 eodem,
871 1723 950 1782 unde
988 1723 1120 1793 redierat,
1137 1735 1165 1784 Ῑ5

121 1819 323 1896 proficiscitur.
365 1819 412 1878 Eo
441 1839 508 1878 cum
535 1821 670 1891 venisset,
699 1822 826 1880 maiores
848 1821 907 1878 iam
935 1821 1063 1896 undique
1091 1821 1121 1879 in

121 1937 190 1978 eum
218 1919 315 1978 locum
343 1920 446 1995 copiae
474 1919 679 1978 Britannorum
707 1930 903 1980 convenerant
931 1939 1045 1978 summa
1067 1920 1121 1978 im-

121 2019 194 2094 perii
224 2017 351 2095 bellique
384 2018 604 2077 administrandi
640 2020 788 2077 communi
824 2019 947 2077 consilio
979 2019 1122 2094 permissa

122 2117 358 2189 Cassivellauno;
392 2118 473 2176 cuius
501 2118 574 2175 fines
603 2135 620 2174 a
647 2117 797 2176 maritimis
825 2117 985 2175 civitatibus
1012 2117 1121 2174 flumen

123 2215 232 2286 dividit,
262 2215 343 2292 quod
376 2217 537 2293 appellatur
568 2215 722 2286 Tamesis,
746 2233 764 2286 a
795 2215 867 2274 mari
899 2215 1010 2274 circiter
1043 2214 1121 2273 milia
1137 2231 1167 2265 20

121 2331 263 2390 passuum
298 2331 386 2372 nxxx.
439 2314 519 2375 Huic
554 2315 711 2391 superiore·
736 2324 869 2406 tempore
903 2333 971 2373 cum
1005 2313 1122 2390 reliquis

123 2412 285 2474 civitatibus
307 2413 486 2472 continentia
505 2413 582 2472 bella
604 2413 843 2485 intercesserant;
872 2414 924 2472 sed
949 2423 1050 2471 nostro
1071 2412 1122 2470 ad·

120 2521 210 2570 ventu
237 2511 363 2587 pennoti
385 2510 516 2571 Britanni
544 2512 622 2572 hunc
648 2511 701 2572 toti
729 2512 806 2572 bello
834 2513 1014 2588 imperioque
1041 2529 1123 2592 prae-

121 2610 259 2669 fecerant.
484 2635 485 2638 ¹
754 2595 757 2602 ⁴
1054 2652 1098 2709 ,q

146 2705 209 2767 12.
231 2707 401 2767 Britanniae
423 2727 492 2784 pars
515 2709 634 2767 interior
656 2709 751 2768 abiis
774 2709 917 2780 incolitur,
939 2727 1015 2785 quos
1038 2712 1123 2768 natos
1139 2731 1167 2780 ²5

122 2807 153 2866 in
174 2789 269 2864 insula
290 2805 345 2882 ipsi
364 2806 509 2866 memoria
530 2807 677 2883 proditum
699 2807 806 2879 dicunt,
828 2809 972 2866 maritima
994 2826 1061 2884 pars
1087 2807 1124 2866 ab

122 2905 165 2977 iia,
181 2905 231 2980 qui
247 2904 372 2980 praedae
387 2923 421 2964 ac
436 2905 503 2963 belli
520 2904 662 2963 inferendi
677 2910 765 2964 causa
779 2925 816 2964 ex
833 2905 936 2982 Belgio
952 2907 1124 2965 transierunt

126 3003 189 3081 (qui
209 3021 314 3062 omnes
331 3002 391 3061 fere
409 3003 443 3062 iis
461 3004 630 3062 nominibus
648 3004 795 3062 civitatum
813 3005 1001 3081 appellantur,
1019 3005 1124 3080 quibus

124 3102 178 3162 orti
203 3119 240 3160 ex
265 3101 426 3160 civitatibus
451 3120 487 3161 eo
512 3105 717 3179 pervenerunt)
740 3112 769 3160 et
790 3103 867 3162 hello
891 3103 970 3161 illato
995 3103 1034 3161 ibi
1058 3118 1124 3176 pers

122 3208 293 3258 manserunt
320 3208 408 3274 atque
437 3217 523 3275 agros
553 3200 648 3259 colere
677 3210 844 3276 coeperunt.
888 3200 1051 3259 Hominum
1080 3208 1124 3256 est
1138 3211 1170 3258 30

59 3366 81 3388 l
123 3297 234 3356 infinita
253 3296 409 3356 multitudo
431 3299 663 3374 creberrimaque
684 3298 816 3357 aedificia
835 3299 894 3358 fere
915 3297 1032 3363 Gallicis
1052 3314 1123 3355 con-

124 3395 235 3468 similia,
257 3414 398 3472 pecorum
419 3414 544 3471 magnus
565 3414 711 3455 numerus
753 3395 881 3454 Utamtur
899 3389 959 3475 [aut
976 3412 1045 3454 aere·
1062 3392 1123 3475 aut]

123 3494 204 3554 taleis
232 3494 331 3555 ferreis
359 3494 397 3552 ad
425 3504 537 3554 certum
564 3494 682 3572 pondus
709 3493 880 3552 examinatis
907 3511 961 3569 pro
989 3511 1121 3554 nummo
