2650 3918
152 209 291 294 38-42.
401 223 447 271 ns
469 224 579 272 aaran
603 219 753 272 carasco
776 221 886 273 corum
909 211 960 272 rr.
1088 227 1150 294 133

151 374 244 434 ferant
264 393 372 434 casum.
417 375 485 434 Hoc
506 386 616 434 veteres
638 393 699 433 non
719 375 844 451 probant
865 360 984 456 milites¹
1000 374 1074 450 quos
1094 373 1150 432 sub

151 472 255 531 vexillo
276 492 335 532 una
356 473 504 549 proiectos
526 475 688 532 docuimus
730 474 834 549 Itaque
854 474 929 530 inter
954 491 985 530 se
1007 472 1151 532 cohortati

152 572 226 630 duce
245 571 321 630 Gaio
336 572 496 643 Treboni0,
511 573 607 649 equite
623 573 770 642 Roman0,
785 573 834 647 qui
850 571 890 630 eis
910 582 970 630 erat
989 571 1149 647 praeposit-

151 687 194 740 uS,
217 688 268 746 per
288 671 401 730 medios
421 671 520 730 hostes
543 681 734 748 perrumpunt
755 670 973 746 incolumesque
999 669 1036 728 ad
1058 687 1149 728 unum

151 785 256 827 omnes
276 769 307 826 in
328 778 421 827 castra
443 766 622 846 perveniunt.
665 769 732 829 Hos
754 769 900 827 subsecuti
926 768 1044 827 calones
1068 767 1177 844 equi-5

151 877 253 943 tesque
272 868 378 926 eodem
396 868 507 944 impetu
526 869 649 926 militurn
668 870 769 926 virtute
791 876 947 926 servantur.
989 866 1030 924 At
1051 865 1079 936 ii,
1100 868 1150 942 qui

151 966 186 1028 in¹
209 966 279 1041 iugo
307 966 503 1038 constiterant,
532 966 612 1025 nullo
647 967 734 1025 etiam
762 984 839 1024 nunc
867 982 923 1024 usu
953 965 995 1023 rei
1015 964 1149 1022 militaris

151 1074 291 1140 percepto
305 1083 400 1140 neque
415 1065 446 1122 in
460 1083 506 1136 e0‚
521 1065 602 1141 quod
617 1066 816 1140 probaverant,
833 1065 954 1123 consilio
970 1081 1148 1140 permanere,

151 1172 183 1221 ut
207 1180 239 1220 se
263 1161 329 1220 loco
352 1163 500 1238 superiore
521 1162 719 1234 defenderent,
741 1181 837 1239 neque
859 1181 925 1222 eam
950 1180 1038 1239 quam
1063 1158 1150 1237 prod-

151 1278 215 1320 esse
250 1261 311 1319 aliis
344 1261 402 1318 vim
435 1261 667 1338 celeritatemque
696 1262 825 1320 viderant
852 1262 955 1320 imitari
986 1271 1149 1337 potuerunt,
1166 1275 1195 1316 1⁷0

151 1359 204 1417 sed
219 1377 250 1417 se
265 1359 294 1416 in
310 1369 403 1418 castra
416 1361 543 1436 recipere
558 1360 655 1419 eonati
669 1360 800 1435 iniquum
811 1361 840 1416 in
854 1361 951 1419 locum
965 1360 1150 1418 demiserunt.

152 1457 354 1528 Centuriones
390 1476 514 1543 quorum
546 1458 678 1516 nonnulli
713 1477 748 1517 ex
783 1458 966 1517 inferioribus
1001 1459 1150 1517 ordinibus

152 1555 325 1633 reliquarum
356 1556 505 1633 legionum
537 1557 647 1615 virtutis
683 1575 771 1616 causa
806 1557 836 1614 in
872 1557 1034 1633 superiores
1069 1566 1150 1614 erant

152 1655 269 1713 ordines
287 1655 372 1714 huius
391 1655 513 1730 legionis
532 1655 662 1727 traducti,
682 1673 720 1714 ne
738 1665 807 1714 ante
825 1664 939 1732 partam
958 1656 999 1713 rei
1021 1656 1150 1718 militaris

150 1753 267 1811 laudem
287 1754 458 1826 amitterent,
474 1754 628 1812 fortissime
643 1763 808 1830 pugnantes
823 1753 1019 1812 conciderunt.
1061 1751 1150 1811 Milit-
1165 1772 1192 1820 15

151 1869 202 1909 um
230 1870 296 1928 pars
330 1852 435 1911 horum
462 1853 564 1911 virtute
593 1852 736 1910 submotis
764 1851 896 1909 hostibus
925 1861 1037 1927 praeter
1066 1869 1149 1927 spem

151 1949 304 2010 incolumis
329 1951 359 2008 in
386 1960 481 2008 castra
505 1952 642 2026 pervenit,
668 1968 735 2026 pars
759 1968 777 2008 a
800 1949 929 2006 barbaris
954 1949 1150 2008 circumventa

151 2049 243 2124 periit.
293 2055 341 2107 41.
377 2047 518 2107 Germani
551 2049 703 2124 desperata
733 2049 951 2124 expugnatione
980 2056 1148 2116 castrorum,

152 2147 232 2224 quod
249 2157 368 2206 nostros
386 2147 444 2206 iam
464 2147 627 2206 constitisse
647 2147 676 2205 in
691 2146 901 2204 munitionibus
920 2145 1065 2216 videbant,
1080 2163 1148 2203 curn

151 2263 187 2303 ea
219 2246 336 2322 praeda,
368 2263 456 2322 quam
488 2246 519 2303 in
550 2245 627 2304 silvis
662 2245 865 2318 deposuerant,
897 2253 975 2302 trans
1010 2242 1194 2301 Rhenum-ro

153 2363 216 2404 sese
251 2356 428 2422 receperunt.
471 2346 517 2405 Ac
551 2355 647 2405 tantus
682 2346 734 2406 fuit
768 2347 854 2406 etiam
889 2355 956 2422 post
986 2345 1149 2404 discessum

152 2443 280 2502 hostium
301 2453 399 2516 terror,
421 2454 453 2502 ut
474 2463 509 2503 ea
530 2455 625 2517 nocte,
648 2463 714 2505 cum
739 2445 831 2504 Gaius
855 2444 1022 2503 Volusenus
1042 2444 1148 2503 missus

152 2561 220 2601 cum
241 2543 369 2619 equitatu
390 2543 427 2601 ad
449 2553 543 2602 castra
563 2546 696 2616 venisset,
719 2545 807 2603 fidem
831 2561 893 2601 non
917 2542 1024 2602 laceret
1045 2543 1148 2602 adesse

151 2659 219 2698 cnm
254 2641 392 2699 incolumi
427 2640 582 2700 Caesarem
617 2643 753 2703 exercitu.
797 2641 845 2700 Sic
879 2637 1000 2700 omnino
1035 2641 1148 2700 animos

151 2739 238 2797 timor
272 2750 541 2815 praeoccupaverat,
575 2751 607 2798 ut
637 2760 731 2817 paene
763 2740 885 2798 alienata
914 2749 1012 2798 mente
1048 2735 1191 2802 deletls'as

151 2837 288 2894 omnibus
315 2838 407 2913 copiis
437 2839 596 2914 equitatum
625 2857 656 2897 se
684 2858 721 2898 ex
750 2838 820 2914 fuga
848 2838 992 2914 recepisse
1021 2838 1149 2896 dicerent

151 2953 246 3011 neque
279 2934 417 2993 incolumi
451 2937 578 2994 exercitu
605 2936 771 2995 Germanos
804 2946 897 2995 castra
928 2943 1148 3013 oppugnaturos

151 3032 239 3092 luisse
278 3034 497 3092 contenderent.
539 3040 591 3092 452.
613 3033 712 3106 Quem
751 3035 886 3094 timorem
926 3034 1059 3094 Caesaris
1098 3033 1147 3091 ad-

151 3140 253 3190 ventus
279 3130 399 3190 sustulit.
443 3131 588 3190 Reversus
616 3133 662 3191 ille
687 3141 806 3192 eventus
831 3133 898 3192 belli
923 3152 984 3192 non
1009 3134 1147 3208 ignorans

151 3248 250 3300 unum,
265 3229 346 3304 quod
361 3229 496 3288 cohortes
511 3250 547 3288 ex
562 3231 687 3290 statione
701 3241 730 3289 et
743 3232 888 3307 praesidio
904 3240 1002 3290 essent
1016 3231 1146 3301 emissae,
1161 3241 1192 3290 30

151 3338 348 3404 questus-ne
369 3328 491 3386 minimo
514 3330 631 3405 quidem
653 3348 723 3388 casu
748 3331 845 3388 locum
870 3329 991 3405 relinqui
1013 3328 1148 3386 debuisse

149 3414 314 3485 -multum
336 3426 483 3485 fortunam
504 3427 534 3485 in
553 3428 706 3504 repentino
727 3428 855 3486 hostium
876 3427 1000 3486 adventu
1018 3427 1148 3501 potuisse

150 3525 294 3596 iudicavit,
318 3525 411 3583 multo
436 3525 523 3583 etiam
544 3527 676 3603 amplius,
706 3527 786 3603 quod
815 3543 907 3601 paene
932 3525 971 3582 ab
993 3525 1058 3600 ipso
1072 3525 1147 3587 vallo

150 3626 298 3704 portisque
321 3636 481 3684 castrorum
502 3626 642 3686 barbaros
663 3627 826 3684 avertisset:
862 3623 994 3696 Quarum
1016 3624 1148 3684 omnium
