2650 3918
5 867 13 934 l

201 209 262 258 120
526 207 555 254 C.
577 205 594 252 1
597 205 670 253 ULII
691 201 863 252 CAESARIS
1145 197 1192 247 vl.

196 356 317 414 habetur
336 355 412 426 loco,
431 373 506 432 quae
525 355 595 414 nihil
613 355 699 414 audet
720 373 772 431 per
792 373 833 425 se,
851 352 930 412 nullo
950 350 1100 412 adhibetur
1120 369 1193 410 con·

198 455 270 513 silio.
311 454 453 530 Plerique,
464 473 532 514 cum
546 465 595 513 aut
608 473 674 512 aere
688 453 783 512 alieno
798 462 846 510 aut
860 451 1083 528 magnitudinet
1072 451 1192 509 tributo·

111 613 114 622 ,
196 571 262 611 ιιιιιι
282 563 331 612 aut
351 552 453 611 iniuria
473 553 667 654 potentiorum
688 561 864 628 premuntur,
886 569 949 656 sese
974 551 1005 607 in
987 549 1193 674 {ervitutem

198 651 294 742 diqunt
321 650 474 755 nobilibus.
495 615 578 709 in
579 650 635 709 hos
663 650 766 708 eadem
793 645 893 708 omnia
920 658 987 707 sunt
1017 666 1086 718 rura,
1077 620 1193 724 ”qudi

171 749 355 808 5dommis
347 768 378 807 ιιι
403 767 509 808 servos.
552 747 611 807 Sed
635 749 672 808 de
692 748 738 806 his
758 747 873 806 duobus
894 747 1049 821 generibus
1070 745 1194 804 alterum

197 856 241 905 est
262 847 405 917 druidum,
426 847 547 905 alterurn
567 846 703 923 equiturn
747 846 792 904 Illi
810 846 896 904 rebus
918 844 1020 903 divinis
1040 845 1193 916 intersunt,

198 946 337 1004 sacrificia
356 945 472 1021 publica
496 963 529 1004 ac
550 946 659 1021 privata
680 953 843 1021 procurant,
864 944 1016 1020 religiones
1039 944 1192 1020 interpret·

198 1053 297 1101 anun:
327 1042 364 1102 ad
388 1061 440 1102 eos
463 1061 587 1118 magnus
608 1043 834 1102 adulescentium
859 1047 997 1101 numerus
1022 1042 1191 1118 disciplinae

197 1158 285 1200 causa
300 1141 442 1200 concurrit
444 1158 631 1244 ‚magnoque
649 1141 680 1198 hi
700 1151 767 1201 sunt
786 1141 865 1220 apud
883 1159 935 1201 eos
898 1141 1068 1248 honple.
1110 1139 1191 1199 Nam

155 1245 186 1279 ¹0
197 1240 256 1298 fere
271 1239 307 1298 de
321 1239 456 1297 omnibus
471 1203 672 1298 controversiis
661 1203 847 1316 publicis
822 1213 997 1316 privatisque
1011 1240 1191 1298 constituunt

197 1346 235 1407 et,
260 1338 284 1394 si
311 1335 392 1412 quod
416 1345 460 1395 est
484 1336 644 1396 admissum
668 1338 789 1408 facinus,
814 1337 839 1397 si
863 1338 967 1398 caedes
991 1337 1075 1409 facta,
1100 1339 1124 1397 si
1153 1337 1191 1395 de

197 1434 363 1506 hereditate,
394 1434 431 1492 de
463 1435 569 1494 finibus
600 1437 796 1506 controversia
829 1444 881 1507 est,
912 1436 991 1495 idem
1022 1435 1189 1507 decernunt,

196 1532 325 1609 praemia
353 1547 522 1609 poenasque
549 1533 728 1592 constituunt
735 1553 743 1606 ;
780 1534 804 1592 si
835 1534 884 1610 qui
911 1543 960 1593 aut
987 1535 1113 1610 privatus
1141 1546 1191 1594 aut

196 1631 323 1706 populus
350 1647 453 1689 eorum
483 1631 600 1690 decreto
628 1650 691 1689 uon
719 1632 803 1702 stetit,
832 1631 978 1690 sacrificiis
1009 1631 1189 1690 interdicunt.

154 1747 183 1797 15
197 1727 281 1787 Haec
300 1747 396 1805 poena
415 1730 493 1805 apud
511 1747 562 1789 eos
582 1739 626 1788 est
645 1729 822 1805 gravissima„
864 1728 979 1801 Quibus
992 1731 1032 1788 ita
1046 1738 1089 1788 est
1102 1729 1191 1788 inter·

197 1826 314 1898 dictum,
333 1827 363 1884 hi
382 1845 504 1885 numero
525 1828 679 1903 impiorum
699 1845 733 1886 ac
752 1827 955 1894 sceleratorum
974 1828 1124 1900 habentur,
1144 1828 1190 1887 his

197 1942 299 1984 omnes
323 1926 476 1996 decedunt,
498 1926 608 1985 aditum
632 1944 855 2004 sermonemque
877 1925 1036 2002 defugiunt,
1058 1945 1095 1984 ne
1119 1927 1191 2003 quid

196 2041 233 2081 ex
259 2025 433 2100 contagione
456 2024 637 2083 incommodi
661 2024 811 2100 accipiant,
835 2042 931 2100 neque
954 2025 1000 2084 his
1023 2026 1190 2100 petentibus

195 2122 240 2180 ius
260 2123 388 2182 redditur
409 2141 504 2199 neque
524 2122 620 2181 honos
640 2122 714 2180 ullus
736 2123 975 2182 communicatur.
1017 2122 1074 2181 His
1091 2128 1190 2183 a'utem

154 2221 331 2279 roomnibus
359 2221 508 2280 druidibus
535 2230 649 2298 praeest
676 2237 760 2291 unus,
788 2222 837 2296 qui
865 2238 1010 2280 summam
1037 2221 1110 2279 inter
1137 2239 1190 2280 eos

195 2316 283 2375 habet
310 2319 517 2377 auctoritatem.
561 2317 630 2377 Hoc
657 2328 774 2377 mortuo
803 2328 853 2377 aut
879 2320 903 2378 si
932 2321 982 2396 qui
1009 2337 1045 2378 ex
1073 2319 1189 2396 reliquis

195 2415 309 2474 excellit
347 2415 494 2490 dignitate,
530 2416 666 2486 succedit,
701 2424 759 2487 aut,
794 2417 818 2475 si
856 2427 923 2476 sunt
961 2418 1057 2494 plures
1094 2435 1188 2493 pares,

195 2512 334 2588 suffragio
357 2513 500 2582 druidum,
519 2531 730 2590 nonnunquam
754 2515 841 2572 etiam
863 2517 950 2574 armis
971 2517 1008 2575 de
1026 2517 1191 2593 principatu

195 2612 382 2671 contendunt.
425 2611 466 2669 Hi
487 2622 566 2671 certo
587 2613 656 2669 anni
680 2623 812 2688 tempore
836 2613 866 2671 in
888 2614 993 2673 finibus
1018 2612 1189 2686 Carnutum,

152 2724 182 2776 ²5
196 2729 270 2787 quae
290 2711 371 2786 regio
391 2710 479 2770 totius
498 2708 609 2769 Galliae
630 2711 727 2770 media
747 2711 876 2782 habetur,
896 2712 1079 2771 considunt
1071 2731 1102 2771 m
1121 2712 1189 2771 loco

195 2819 371 2868 consecrato.
415 2807 483 2867 Huc
497 2826 601 2866 omnes
622 2809 758 2922 undique,
772 2811 824 2921 qui
843 2812 1053 2870 controversias
1071 2813 1188 2884 habent,

194 3008 226 3065 ιιι
249 3004 397 3064 Britannia
419 3016 534 3081 reperta
549 3011 644 3083 atque
668 3006 767 3064 inde
759 3025 790 3064 ιιι
815 3005 939 3066 Galliam
964 3009 1100 3067 translata
1123 3027 1190 3070 esse

195 3106 381 3176 existimatur,
406 3114 435 3164 et
459 3123 546 3175 nune,
545 3105 620 3198 qui
645 3105 808 3180 diligentius
832 3125 898 3166 eam
922 3125 984 3165 rern
1009 3123 1190 3183 cognoscere

51 3267 63 3289 κ
151 3205 303 3274 sovolunt,
328 3203 499 3279 plerumque
526 3169 582 3270 illo
601 3191 735 3262 discendi
759 3221 847 3262 causa
871 3193 1189 3280 ριοιιοιεοιιιιιιιιᾚὲι.

196 3301 321 3360 Druides
343 3317 361 3359 a
381 3301 457 3359 bello
478 3301 580 3359 abesse
601 3311 777 3360 consuerunt
797 3319 893 3378 neque
915 3303 1020 3362 tributa
1041 3323 1190 3366 unacum

196 3399 312 3474 reliquis
342 3399 482 3474 pendunt,
513 3399 630 3459 militiae
661 3400 841 3460 vacationem
872 3400 1062 3478 omniumque
1093 3421 1191 3462 rerum

197 3494 304 3556 habent
318 3497 536 3558 immunitatem
580 3497 684 3558 Tantis
698 3498 811 3559 excitati
825 3499 960 3577 praemiis
974 3509 1003 3560 et
1017 3519 1070 3562 sua
1084 3513 1191 3582 sponte
