2686 3910
132 184 272 266 46-48.
335 157 514 248 nu‘asrro
539 199 688 248 uranico
704 197 821 248 uorum
849 198 926 246 vrrr.
1071 195 1133 264 205

134 357 189 409 48.
205 349 275 409 Erat
290 352 442 410 attributus
455 351 585 410 Antonio
600 350 762 428 praefectus
777 350 907 426 equitum
918 348 952 407 C.
965 346 1132 406 Volusenus

134 449 313 520 Quadratus,
340 451 391 525 qui
419 469 487 508 curn
515 468 552 508 eo
580 450 750 508 hibernaret.
794 447 885 508 Hunc
918 446 1065 506 Antonius
1095 445 1133 503 ad

135 548 371 623 persequendum
407 548 567 624 equitatum
602 548 728 607 hostium
761 547 854 606 mittit.
896 546 1062 604 Volusenus
1095 543 1133 602 ad

136 664 202 704 eam
224 647 366 717 virtutem,
389 664 464 722 quae
489 647 641 722 singularis
664 657 724 704 erat
748 647 778 703 in
801 664 846 716 e0,
869 662 1010 726 magnum
1032 643 1132 702 odium

136 743 265 801 Commii
285 743 468 819 adiungebat,
490 762 548 821 quo
568 744 701 802 libentius
724 745 754 803 id
773 743 887 816 laceret,
907 743 987 819 quod
1009 742 1160 817 impera-5

137 843 227 900 batur.
271 842 372 918 Itaque
401 843 547 918 dispositis
575 843 685 900 insidiis
714 843 829 918 saepius
857 843 968 918 equites
993 841 1055 898 eius
1082 857 1132 914 ag·

135 959 253 1016 gressus
282 941 411 1000 secunda
438 941 548 1016 proelia
576 940 706 999 faciebat.
750 940 923 1011 Novissime,
952 957 1020 998 cum
1047 937 1134 996 vehe-

136 1038 262 1096 mentius
293 1039 516 1098 contenderetur
548 1057 581 1097 ac
613 1039 780 1098 Volusenus
811 1040 902 1116 ipsius
933 1036 1132 1113 intercipiendi

136 1137 265 1196 Commii
289 1138 446 1213 cupiditate
471 1139 645 1214 pertinacius
671 1157 739 1196 eum
765 1157 832 1198 cum
857 1139 958 1215 paucis
985 1138 1133 1195 insecutus

136 1246 221 1306 esset,
251 1236 296 1295 ille
325 1247 421 1295 autem
449 1235 519 1312 fuga
547 1235 708 1295 vehementi
738 1237 921 1296 Volusenum
948 1234 1132 1312 produxisset
1149 1257 1178 1293 10
1264 1217 1266 1220 ⁵

135 1335 261 1410 longius,
297 1336 431 1393 inimicus
465 1335 578 1396 homini
614 1353 732 1394 suorum
768 1337 885 1394 invocat
920 1335 1010 1393 fidem
1045 1342 1131 1408 atque

135 1433 283 1503 auxilium,
313 1451 350 1490 ne
378 1451 430 1490 sua
457 1433 574 1490 vulnera
602 1452 653 1509 per
681 1433 769 1491 fidem
801 1435 937 1510 imposita
968 1441 1133 1510 paterentur

135 1531 286 1606 impunita,
305 1547 505 1606 conversoque
525 1548 602 1606 equo
624 1549 657 1588 se
677 1549 694 1588 a
711 1532 812 1591 ceteris
834 1533 976 1592 incautius
996 1531 1134 1608 permittit
1171 1571 1180 1587 .

135 1629 167 1685 in
198 1627 384 1703 praefectum.
428 1628 549 1686 Faciunt
584 1629 640 1688 hoe
676 1630 754 1687 idem
789 1648 893 1690 omnes
928 1633 989 1689 eius
1024 1630 1134 1705 equites

98 1766 100 1770 ·
135 1745 306 1806 paucosque
322 1738 438 1785 nostros
453 1737 624 1786 convertunt
638 1738 724 1804 atque
739 1729 947 1804 insequuntur..
982 1727 1134 1787 Commius
1150 1755 1178 1803 15

135 1829 289 1891 incensum
313 1826 471 1884 calcaribus
496 1843 604 1901 equum
627 1827 778 1902 coniungit
800 1844 877 1902 equo
903 1825 1045 1898 Quadrati
1073 1825 1134 1884 lan-

136 1943 248 2000 ceaque
263 1924 367 1984 infesta
377 1926 492 2000 magnis
504 1925 609 1982 viribus
621 1925 751 1982 medium
762 1925 855 1983 lemur
869 1926 972 1984 traiicit
983 1924 1134 1983 Voluseni.

136 2023 288 2084 Praefecto
303 2023 451 2081 vulnerato
466 2040 525 2080 non
545 2023 676 2081 dubitant
690 2023 780 2081 nostri
801 2023 930 2082 resistere
946 2033 973 2081 et
988 2022 1135 2081 conversis

137 2123 221 2199 equis
249 2123 365 2180 hostem
393 2122 508 2196 pellere.
552 2120 642 2193 Quod
665 2122 715 2178 ubi
737 2121 851 2191 accidit,
874 2122 1040 2196 complures
1066 2121 1135 2180 hos·

137 2223 210 2280 tium
242 2237 352 2296 magno
384 2231 551 2278 nostrorum
583 2221 694 2295 impetu
724 2220 848 2294 perculsi
882 2220 1066 2278 vulnerantur
1101 2237 1135 2277 ac
1151 2247 1181 2282 20

137 2320 242 2398 partim
270 2319 302 2378 in
329 2317 398 2392 fuga
426 2328 619 2394 proteruntur,
648 2319 753 2394 partim
784 2318 1017 2394 intercipiuntur3
1054 2317 1135 2392 quod

137 2419 246 2484 malum
267 2418 326 2476 dux
347 2418 413 2492 equi
433 2417 585 2476 velocitate
606 2417 743 2490 evitavit:
759 2434 792 2474 ae
814 2416 855 2474 sic
875 2415 986 2491 proelio
1006 2414 1135 2475 secundo

137 2518 261 2596 graviter
288 2518 325 2575 ab
354 2535 390 2575 eo
417 2517 582 2576 vulneratus
609 2516 780 2594 praefectus,
808 2525 840 2573 ut
871 2517 945 2574 vitae
976 2516 1135 2592 periculum

136 2603 266 2692 aditurus
300 2616 450 2687 videretur,
486 2616 605 2675 refertur
640 2617 681 2674 in⁴
705 2626 805 2675 castra.
849 2614 1003 2674 Commius
1038 2625 1134 2674 autem

137 2718 197 2774 sive
220 2717 337 2791 expiato
363 2732 417 2773 suo
439 2715 540 2774 dolore
565 2715 624 2773 sive
648 2731 757 2789 magna
780 2725 861 2789 parte
884 2715 991 2773 amissa
1015 2731 1136 2772 suorum
1151 2737 1180 2788 ²5

137 2809 250 2884 legatos
283 2810 321 2866 ab
355 2810 518 2867 Antonium
550 2809 635 2866 mittit
668 2826 758 2883 seque
791 2818 819 2866 et
850 2808 889 2866 ibi
922 2807 1058 2879 futurum,
1086 2808 1136 2866 ubi

137 2908 361 2984 praescripserit,
391 2918 419 2966 et
451 2926 486 2965 ea
514 2907 665 2977 facturum,
695 2925 769 2982 quae
801 2907 956 2984 imperarit,
985 2906 1135 2964 obsidibus

137 3007 241 3080 firmat,
263 3023 354 3063 unum
376 3005 447 3065 illud
467 3017 540 3076 orat,
565 3014 597 3064 ut
619 3005 717 3064 timori
745 3022 799 3063 suo
829 3005 1014 3075 concedatur,
1040 3022 1076 3060 ne
1104 3003 1134 3060 in

137 3115 329 3181 conspectum
365 3106 461 3163 veniat
497 3105 678 3180 cuiusquam·
704 3101 840 3162 Romani.
876 3102 974 3162 ¹Cuius
1008 3100 1135 3177 postula·

137 3207 249 3288 tionem
279 3206 425 3262 Antonius
458 3222 525 3261 cum
559 3204 696 3262 iudicaret
730 3204 767 3260 ab
803 3203 879 3262 iusto
912 3201 992 3259 nasci
1024 3199 1135 3268 timore,
1150 3225 1182 3274 30

138 3305 252 3361 veniam
275 3305 384 3380 petenti
408 3303 494 3375 dedit,
516 3304 634 3362 obsides
657 3303 776 3378 accepit.

179 3403 247 3461 Scio
272 3402 430 3460 Caesarem
455 3402 633 3478 singulorum
658 3419 803 3460 annorum
831 3398 962 3474 singulos
984 3411 1137 3454 commen·

136 3502 225 3580 tarios
260 3501 420 3584 coniecisse
432 3519 439 3572 3
475 3501 555 3576 quod
586 3519 642 3576 ego
678 3517 740 3557 non
773 3497 933 3556 existimavi
968 3492 1038 3551 nihil
1073 3510 1137 3550 esse

135 3599 312 3669 faciendum,
347 3599 516 3676 propterea*
531 3599 610 3678 quod
645 3600 802 3672 insequens
835 3611 938 3665 annus,
972 3591 1004 3649 L.
1039 3589 1138 3662 Paulo,
