2686 3910
203 170 264 234 160
396 165 412 209 ·'
522 179 551 227 o.
575 166 668 225 rurrr'
689 165 924 222 cursuum·
1056 197 1061 209 .
1136 159 1195 205 vn.

203 331 315 390 Eorum
337 331 513 408 utquisque
537 331 647 407 primus
671 335 797 396 venerat,
826 324 880 382 sub
907 334 990 377 muro
1018 307 1197 371 consistebat

205 449 382 508 suorumque
404 431 597 509 pugnantium
618 444 771 486 numerum
792 422 922 498 augebat.
967 414 1103 486 Quorum
1128 421 1197 463 cum

202 542 311 606 magna
335 530 488 589 multitudo
512 547 548 588 eo
568 530 723 598 venissent,
745 517 986 585 matresfamiliae,
1008 526 1083 586 quae
1107 501 1196 580 paulo

202 637 269 687 ante
292 628 435 690 Romanis
454 632 490 690 de
509 647 594 687 muro
612 645 717 686 manus
736 623 903 690 tendebant,
921 631 990 674 suos
1009 603 1146 668 obtestari
1167 609 1197 658 et

174 744 283 796 5more
318 727 448 788 Gallico
466 747 584 807 passum
618 726 753 802 capillum
787 729 933 780 ostentare
967 711 1130 779 liberosque
1166 699 1196 756 in

202 838 392 902 conspectum
420 829 549 906 proferre
574 833 743 902 coeperunt.
784 821 855 878 Erat
879 809 1023 874 Romanis
1047 821 1103 861 nec
1127 799 1195 856 loco

202 942 256 982 nec
285 944 407 986 numero
436 947 529 1004 aequa
553 926 718 986 contentio:
755 919 840 980 simul
867 924 897 974 et
923 926 1007 970 cursu
1042 913 1071 962 et
1102 897 1197 974 spatio

202 1040 318 1098 pugnae
340 1024 488 1102 defatigati
507 1045 568 1086 non
584 1024 668 1082 facile
689 1029 820 1080 recentes
840 1024 925 1091 atque
942 1009 1070 1080 integros
1092 995 1197 1056 sustin-

202 1122 299 1182 ebant.
341 1129 394 1183 49.
418 1123 526 1183 Caesar
551 1142 618 1182 cum
642 1121 743 1198 iniquo
767 1117 834 1175 loco
860 1106 982 1190 pugnari
1009 1101 1195 1170 hostiumque

159 1238 189 1272 10
202 1221 300 1296 augeri
326 1223 427 1299 copias
459 1223 576 1292 videret,
609 1230 813 1298 praemetuens
845 1213 903 1272 suis
938 1206 976 1266 ad
1011 1201 1048 1259 T.
1064 1194 1196 1257 Sextium

202 1318 336 1395 legatum,
357 1339 446 1396 quern
465 1322 625 1380 minoribus
643 1319 744 1380 castris
762 1311 907 1394 praesidio
928 1306 1089 1381 reliquerat,
1108 1291 1195 1359 misit,

201 1428 233 1476 ut
252 1419 387 1478 cohortes
408 1440 445 1479 ex
464 1420 564 1480 castris
582 1420 710 1479 celeriter
729 1418 864 1476 educeret
883 1419 912 1469 et
930 1407 984 1466 sub
1004 1401 1105 1460 infimo
1123 1389 1196 1453 colle

203 1518 240 1574 ab
265 1518 368 1578 dextro
390 1519 479 1578 latere
503 1521 632 1579 hostium
656 1518 852 1583 constitueret,
877 1520 917 1581 ut,
942 1507 966 1565 si
987 1509 1104 1560 nostros
1128 1492 1196 1550 1000

204 1617 340 1693 depulsos
368 1619 494 1690 vidisset,
524 1639 583 1696 quo
611 1620 708 1676 minus
732 1616 821 1673 libere
843 1611 943 1670 hostes
968 1601 1197 1675 insequerentur,

160 1732 188 1782 ¹⁵
203 1723 328 1774 terreret.
370 1716 439 1793 Ipse
460 1718 578 1795 paulum
596 1737 632 1777 ex
652 1734 687 1775 eo
706 1715 773 1773 loco
791 1729 860 1771 cum
880 1707 996 1784 legione
1014 1707 1197 1778 progressus>

203 1814 253 1872 ubi
281 1816 457 1886 constiterat,
490 1826 624 1875 eventum
657 1830 773 1892 pugnae
807 1806 1001 1886 exspectabat.
1044 1801 1098 1855 50.
1120 1789 1197 1848 Cum

204 1914 343 1973 acerrime
371 1915 535 1973 comminus
562 1920 746 1991 pugnaretur,
775 1909 874 1967 hostes
905 1905 971 1962 loco
1005 1907 1034 1956 et
1064 1905 1197 1956 numero,

204 2015 295 2072 nostri
315 2016 417 2074 virtute
438 2015 627 2084 confiderent,
650 2012 745 2071 subito
768 2018 835 2068 sunt
855 2004 950 2064 Aedui
971 2000 1024 2058 visi
1045 1997 1082 2054 ab
1107 1992 1197 2050 latere

205 2113 311 2171 nostris
336 2122 445 2188 aperto,
467 2130 542 2187 quos
567 2110 677 2169 Caesar
699 2110 738 2166 ab
762 2107 864 2165 dextra
888 2110 969 2179 parte
992 2097 1048 2157 alio
1074 2105 1198 2151 ascensu

161 2236 191 2271 20
204 2227 309 2268 manus
324 2211 505 2270 distinendae
519 2228 607 2269 causa
621 2209 746 2266 miserat.
791 2203 833 2262 Hi
848 2198 1033 2262 similitudine
1048 2203 1197 2252 armorum

205 2309 389 2368 vehementer
404 2319 519 2368 nostros
534 2315 756 2384 perterruerunt,
771 2323 806 2364 ac
820 2299 935 2362 tametsi
949 2295 1055 2357 dextris
1068 2287 1198 2350 humeris

205 2408 325 2465 exsertis
357 2407 665 2476 animadvertebantur,
701 2403 781 2481 quod
816 2401 929 2476 insigne
964 2403 1100 2472 pacatum
1131 2403 1197 2446 esse

206 2516 369 2578 consuerat,
396 2516 495 2564 tamen
523 2504 552 2562 id
584 2505 679 2580 ipsum
709 2504 752 2562 sui
776 2499 893 2560 fallendi
919 2513 1008 2554 causa
1031 2491 1135 2550 milites
1160 2485 1198 2543 ab

206 2601 338 2662 hostibus
363 2604 471 2663 factum
496 2604 707 2662 existimabant.
750 2599 866 2659 Eodem
890 2607 1021 2670 ternpore
1046 2592 1079 2649 L.
1090 2587 1198 2647 Fabius

163 2729 192 2778 ²5
207 2705 337 2763 centurio
357 2705 464 2780 quique
483 2721 541 2762 una
560 2720 675 2761 murum
695 2699 886 2760 ascenderant
905 2690 1091 2754 circumventi
1110 2696 1198 2761 atque

207 2803 351 2862 interlecti
384 2821 469 2862 muro
496 2802 767 2879 praecipitabantur.
810 2796 854 2855 M.
876 2793 1036 2862 Petronius
1064 2787 1196 2847 eiusdem

207 2901 330 2978 legionis
358 2903 496 2972 centurio,
525 2919 592 2959 cum
616 2908 719 2976 portas
748 2895 880 2956 excidere
913 2899 1035 2950 conatus
1066 2894 1151 2955 esset,
1180 2901 1199 2942 a

207 3001 389 3059 multitudine
408 3017 565 3078 oppressus
584 3017 619 3056 ac
636 2997 692 3056 sibi
706 2995 864 3072 desperans
884 2991 981 3049 multis
1002 2989 1060 3046 iam
1074 2981 1198 3044 vulneri*¹

207 3099 263 3158 bus
290 3099 416 3175 acceptis
444 3097 671 3174 manipularibus
700 3096 768 3165 suis,
796 3091 846 3168 qui
873 3090 953 3148 illum
982 3085 1071 3146 secuti
1096 3091 1198 3141 erant:

164 3219 196 3268 30
209 3197 393 3269 ‘Quoniam'
411 3196 515 3272 inquit,
534 3200 598 3254 ‘me
617 3213 676 3252 una
693 3192 844 3254 vobiscum
863 3205 974 3248 servare
991 3203 1052 3243 non
1066 3199 1199 3260 possum,

209 3305 319 3353 vestrae
352 3296 470 3372 quidem
503 3305 580 3354 certe
607 3293 682 3351 vitae
717 3288 900 3367 prospiciam,
933 3302 1008 3361 quos
1041 3281 1200 3358 cupiditate

208 3393 317 3468 gloriae
338 3394 480 3453 adductus
501 3395 531 3452 in
552 3391 715 3469 periculum·
732 3387 847 3447 deduxi.
888 3383 952 3442 Vos
974 3371 1041 3441 data
1062 3379 1199 3440 facultate

20 3471 22 3564 i
210 3493 291 3552 vobis
310 3491 467 3552 consulite?
511 3491 602 3552 Simul
619 3491 649 3549 in
668 3487 780 3548 medios
794 3485 893 3546 hostes
912 3481 1011 3558 irrupit
1025 3478 1198 3555 duobusque
