2650 3918
127 183 265 268 2649.
354 196 400 244 nu
422 196 532 244 narro
557 196 709 245 GALLIOO
732 195 842 246 corin.
871 199 930 247 vn.
1064 203 1124 281 t49

124 356 214 418 erent,
228 345 272 420 iis,
288 347 338 423 qui
359 347 444 423 primi
465 365 581 406 murum
603 347 813 419 ascendissent,
827 347 957 424 praemia
974 347 1126 424 proposuit

123 445 321 522 militibusque
342 446 457 522 signum
476 446 565 505 dedit.
606 445 651 504 llli
671 446 766 504 subito
786 464 821 504 ex
842 445 978 503 omnibus
997 446 1126 521 partibus

122 544 309 602 evolaverunt
328 562 501 621 murumque
519 545 648 603 celeriter
667 545 892 621 compleverunt.
939 549 992 603 28.
1014 543 1127 603 Hostes

121 661 154 700 re
175 661 252 700 nova
270 642 418 718 perterriti,
438 661 522 701 muro
542 646 725 722 turribusque
743 643 846 701 deiecti
864 644 895 701 in
920 641 985 701 foro
1005 661 1039 702 ac
1054 643 1125 703 locis

67 821 69 826 Χ
121 741 333 816 patentioribus
359 743 503 800 cuneatim
525 744 724 814 constiterunt,
746 740 804 799 hoc
825 740 935 811 animo,
960 750 1000 812 ut,
1021 741 1046 798 si
1068 760 1152 818 qua5

121 851 255 915 exparte
275 841 392 899 obviam
411 842 561 912 veniretur,
580 843 641 901 acie
660 843 798 900 instructa
813 838 1021 914 depugnarent.
1053 838 1124 897 vUbi
1202 881 1204 883 -

120 939 271 996 neminem
285 939 315 997 in
331 957 457 1016 aequum
472 940 569 998 locum
589 959 653 1000 sese
669 939 830 1008 demittere,
851 937 904 995 sed
918 947 981 995 toto
994 937 1124 1014 undique

119 1054 207 1095 muro
230 1038 423 1096 circumfundi
447 1038 587 1110 viderunt,
617 1039 707 1109 veriti,
732 1055 770 1095 ne
795 1036 918 1094 omnino
948 1054 1015 1112 spes
1037 1036 1124 1111 fugae

119 1134 277 1208 tolleretur,
306 1137 423 1196 abiectis
452 1138 539 1195 armis
567 1138 682 1196 ultimas
710 1135 812 1211 oppidi
840 1143 937 1211 partes
965 1135 1123 1192 continenti

119 1234 233 1310 impetu
249 1237 419 1311 petiverunt,
435 1255 560 1313 parsque
579 1237 627 1306 ibi,
643 1254 711 1294 cum
726 1242 852 1309 angusto
873 1233 951 1291 exitu
972 1242 1121 1308 portarurn
1138 1254 1168 1292 ιο

119 1349 153 1390 se
174 1333 230 1410 ipsi
250 1345 423 1409 premerent,
446 1353 463 1392 a
487 1335 633 1405 militibus,
655 1351 722 1409 pars
747 1332 806 1389 iam
828 1348 946 1406 egressa
967 1331 1058 1407 portis
1085 1330 1121 1389 ab

119 1432 267 1507 equitibus
291 1442 336 1492 est
359 1433 516 1491 interfecta.
558 1432 623 1492 Nec
649 1431 702 1490 suit
726 1431 891 1506 quisquam,
917 1430 967 1505 qui
995 1429 1121 1505 praedae

119 1529 257 1590 studeret,
301 1530 348 1590 Sic
368 1542 398 1590 et
417 1531 528 1591 Cenabi
545 1531 635 1590 caede
656 1540 685 1590 et
701 1530 800 1587 labore
820 1528 917 1604 operis
932 1528 1041 1586 incitati
1060 1545 1122 1585 non

119 1638 213 1687 aetate
229 1629 377 1700 confectis,
393 1648 454 1688 non
469 1630 644 1700 mulieribus,
666 1646 727 1687 non
743 1626 900 1684 infantibus
920 1636 1120 1701 pepercerunt.

118 1726 256 1804 Denique
278 1729 359 1787 omni
381 1748 417 1786 ex
438 1744 570 1800 numero,
592 1728 643 1805 qui
664 1726 717 1785 fuit
737 1726 849 1784 circiter
870 1724 982 1782 milium
1003 1741 1050 1794 xn,
1073 1725 1120 1782 vix
1138 1753 1165 1802 ¹5

118 1842 206 1897 noco,
232 1827 282 1902 qui
306 1829 401 1904 primo
427 1828 553 1886 clamore
579 1827 678 1886 audito
708 1844 739 1883 se
767 1843 803 1883 ex
831 1823 942 1899 oppido
967 1823 1121 1894 eiecerunt,

118 1925 281 1983 incolumes
319 1925 356 1983 ad
392 1925 664 2002 Vercingetorigem
698 1931 899 2000 pervenerunt.
953 1919 1038 1992 Quos
1074 1922 1120 1980 ille

118 2023 211 2080 multa
229 2024 288 2081 iam
306 2034 392 2083 nocte
412 2025 525 2084 silentio
545 2044 581 2083 ex
601 2024 671 2101 iuga
685 2023 799 2098 excepit
816 2021 931 2092 veritus,
954 2038 1069 2097 nequa
1089 2021 1120 2078 in

118 2121 221 2180 castris
249 2141 285 2180 ex
314 2141 416 2182 eorum
444 2142 591 2182 concursu
617 2133 645 2182 et
680 2121 877 2180 misericordia
904 2120 982 2196 vulgi
1015 2119 1119 2178 seditio

118 2230 257 2291 oreretur,
273 2230 305 2278 ut
324 2223 427 2297 procul
441 2223 471 2280 in
487 2222 533 2280 via
548 2221 696 2298 dispositis
713 2218 899 2278 familiaribus
919 2221 978 2277 suis
992 2219 1119 2295 princip·
1135 2244 1165 2278 ao

118 2318 243 2395 ibusque
278 2320 426 2378 civitatum
462 2319 653 2396 disparandos
691 2314 938 2394 deducendosque
975 2317 1013 2376 ad
1049 2334 1118 2375 suos

118 2428 239 2489 curaret,
262 2437 337 2494 quae
358 2419 463 2494 cuique
489 2420 594 2478 civitati
615 2437 683 2495 pars
709 2427 871 2493 castrorum
895 2419 933 2474 ab
957 2416 1039 2475 initio
1066 2416 1119 2474 ob-

117 2526 245 2576 venerat.
288 2523 341 2576 29.
362 2516 485 2576 Postero
520 2518 566 2576 die
595 2517 720 2576 coneilio
757 2525 920 2574 convocato
950 2514 1118 2572 consolatus

117 2614 346 2692 cohortatusque
367 2628 420 2688 est,
442 2636 480 2675 ne
506 2635 537 2675 se
559 2616 721 2675 admodum
745 2616 844 2673 animo
867 2615 1058 2683 demitterent,
1081 2631 1119 2670 ne

117 2713 354 2788 perturbarentur
387 2716 588 2784 incommodo
631 2715 701 2774 Non
734 2715 835 2773 virtute
868 2731 963 2790 neque
992 2713 1022 2770 in
1056 2712 1118 2770 acie
1133 2735 1162 2785 ²5

116 2811 221 2868 vicisse
244 2809 405 2884 Romanos,
427 2815 479 2872 sed
508 2815 627 2872 artificio
650 2814 780 2890 quodam
807 2823 835 2872 et
857 2812 976 2872 scientia
1003 2828 1118 2887 oppug-

117 2909 254 2979 nationis
276 2910 358 2968 cuius
380 2913 421 2969 rei
442 2911 547 2984 fuerint
572 2913 627 2988 ipsi
652 2912 786 2988 imperiti.
828 2912 940 2979 Errare,
966 2911 989 2968 si
1014 2911 1064 2985 qui
1088 2908 1118 2966 in

117 3006 194 3064 bello
230 3008 327 3066 omnis
361 3010 506 3068 secundos
537 3029 633 3068 rerum
661 3021 818 3086 proventus
852 3019 1013 3086 expectent.
1058 3007 1117 3065 Sibi

117 3124 280 3181 numquam
295 3107 438 3182 placuisse
459 3109 614 3166 Avaricum
630 3109 757 3179 defendi,
772 3111 853 3167 cuius
875 3110 915 3166 rei
930 3118 1017 3167 testes
1036 3107 1116 3182 ipsos

117 3205 255 3276 haberet;
299 3208 351 3265 sed
384 3208 494 3266 factum
534 3209 730 3285 imprudentia
765 3206 928 3284 Biturigum
964 3217 992 3264 et
1026 3206 1116 3263 nimia
1129 3227 1160 3276 30

117 3305 310 3381 obsequentia
334 3306 519 3382 reliquorum,
544 3307 586 3365 uti
607 3307 664 3366 hoc
685 3308 909 3366 incommodum
930 3305 1113 3380 acciperetur.

117 3402 153 3460 ld
188 3414 306 3462 tamen·
319 3422 349 3462 se
382 3406 511 3462 celeriter
546 3405 703 3464 maioribus
739 3406 904 3464 commodis
937 3412 1113 3462 sanaturum.

116 3499 195 3560 Nam
217 3521 292 3579 quae
315 3505 352 3561 ab
373 3503 489 3579 reliquis
512 3503 604 3562 Gallis
625 3505 754 3565 civitates
775 3503 966 3571 dissentirent,
987 3499 1040 3558 has
1062 3519 1118 3576 sua·
