2650 3918
126 195 265 266 27—31.
342 195 389 243 DE
410 195 521 244 BELLO
544 195 693 244 destruo
715 193 825 243 coMM.
852 194 897 245 VI.
1059 197 1124 262 127

125 341 318 404 tabulatorum
350 353 486 420 quattuor
517 345 666 404 constituit
697 343 929 420 praesidiumque
958 341 1128 402 cohortium

125 439 280 498 duodecim
299 441 397 516 pontis
417 443 517 502 tuendi
536 461 624 501 causa
643 444 726 519 ponit
745 441 917 518 magnisque
936 459 1002 499 eum
1021 442 1120 500 locum

124 539 334 597 munitionibus
359 540 460 599 firmat.
502 542 538 599 Ei
561 542 628 600 loco
654 540 856 618 praesidioque
880 540 987 599 Gaium
1012 540 1120 598 Voles*

124 639 198 695 tium
213 637 334 696 Tullum
348 638 566 699 adulescentem
577 641 723 720 praefecit.
764 639 843 716 lpse,
853 657 920 723 cum
928 648 1120 698 maturescere

125 735 269 795 frumenta
295 737 463 813 inciperent,
492 739 529 796 ad
556 739 664 797 bellum
691 737 868 814 Ambiorigis
895 737 1040 814 profectus
1068 755 1147 813 pers

124 834 314 892 Arduennam
340 835 448 905 silvam,
470 854 545 912 quae
569 846 613 895 est
636 836 724 894 totius
748 834 859 894 Galliae
882 835 1009 893 maxima
1033 845 1119 910 atque

125 932 162 989 ab
183 930 252 1008 ripis
274 931 371 991 Rheni
392 933 557 1010 finibusque
576 934 771 992 Treverorum
792 934 830 992 ad
851 932 975 992 Nervios
995 933 1119 1009 pertinet

124 1029 297 1106 milibusque
325 1031 448 1107 amplius
476 1031 641 1108 quingentis
672 1033 702 1090 in
729 1028 939 1108 longitudinem
968 1040 1054 1108 patet,
1084 1030 1118 1088 L.

124 1126 287 1186 Minucium
311 1129 441 1187 Basilum
465 1148 533 1188 cum
558 1131 637 1188 omni
662 1131 790 1206 equitatu
814 1131 977 1206 praemittit,
1001 1130 1024 1187 si
1049 1129 1119 1205 quid

124 1225 266 1285 celeritate
301 1227 409 1286 itineris
443 1239 529 1307 atque
560 1229 775 1305 opportunitate
805 1230 944 1306 temporis
979 1229 1118 1305 proficere
1134 1246 1164 1282 ro

124 1335 232 1398 posset,
257 1335 365 1399 monet,
390 1337 422 1384 ut
445 1328 529 1403 ignes
553 1329 584 1385 in
608 1329 707 1387 castris
732 1327 792 1385 fieri
806 1328 976 1403 prohibeat,
998 1347 1035 1388 ne
1060 1345 1119 1404 qua

124 1422 186 1480 eius
211 1423 351 1482 adventus
375 1427 477 1502 procrd
498 1425 670 1502 significatio
691 1426 758 1484 fiat:
788 1443 851 1484 sese
872 1425 1025 1484 confestim
1050 1427 1118 1484 sub-

125 1520 208 1596 sequi
223 1521 299 1581 dicit.
341 1521 464 1595 Basilus
482 1534 513 1582 ut
530 1526 703 1600 imperatum
721 1534 773 1594 est,
788 1523 863 1582 facit.
905 1529 957 1582 30.
982 1523 1128 1582 Celeriter

125 1628 283 1695 contraque
310 1621 443 1679 omnium
470 1623 641 1700 opinionem
669 1623 802 1682 confecto
830 1622 930 1680 itinere
953 1622 1060 1680 multos
1087 1622 1118 1678 in

124 1716 200 1792 agris
231 1717 415 1795 inopinantes
446 1721 652 1797 deprehendit:
687 1738 789 1778 eorum
819 1719 926 1777 indicio
954 1718 992 1776 ad
1022 1720 1117 1795 ipsum
1133 1733 1162 1784 15

123 1815 326 1892 Ambiorigem
347 1819 504 1890 contendit,
529 1837 588 1896 quo
612 1820 642 1876 in
666 1818 732 1877 loco
757 1835 824 1875 cum
849 1817 949 1893 paucis
973 1817 1117 1893 equitibus

123 1931 188 1973 esse
215 1913 370 1974 dicebatur.
412 1915 539 1975 Multum
563 1935 630 1974 curn
657 1916 687 1972 in
714 1915 851 1973 omnibus
879 1915 973 1984 rebus,
997 1923 1059 1972 tum
1087 1913 1117 1970 in

122 2029 153 2070 re
174 2013 287 2072 militari
308 2023 404 2090 potest
423 2014 547 2073 fortuna.
590 2014 668 2072 Nam
689 2013 762 2072 sicut
783 2029 891 2087 magno
913 2011 1017 2069 accidit
1037 2029 1116 2081 casu,

122 2118 154 2168 ut
182 2111 212 2167 in
239 2112 335 2187 ipsum
362 2112 512 2171 incautum
540 2113 626 2172 etiam
655 2122 741 2186 atque
768 2111 941 2185 imparatum
969 2110 1116 2180 incideret,

122 2209 259 2285 priusque
284 2211 345 2269 eius
369 2210 508 2270 adventus
534 2213 574 2270 ab.
595 2211 731 2269 omnibus
755 2207 913 2284 videretur,¹
926 2225 1015 2282 quam
1039 2207 1117 2266 fama
1131 2223 1162 2260 πο

123 2323 158 2365 ac
177 2307 294 2366 nuntius
313 2308 467 2380 afferretur,
483 2310 523 2367 sic
543 2327 667 2385 magnae
687 2306 738 2364 fuit
752 2305 884 2364 fortunae
896 2306 984 2363 omni
1004 2307 1117 2366 militari

122 2403 322 2477 instrumento,
340 2407 420 2484 quod
438 2408 547 2466 circum
565 2426 596 2466 se
614 2406 746 2474 habebat,
762 2411 869 2478 erepto,
883 2403 960 2462 redis
977 2403 1116 2480 equisque

123 2504 341 2579 comprehensis
371 2506 468 2581 ipsum
493 2506 621 2581 effugere
649 2513 781 2563 mortem.
825 2501 883 2560 Sed
913 2502 971 2562 hoc
999 2521 1116 2580 quoque

122 2600 230 2660 factum
259 2611 311 2674 est,
337 2603 416 2680 quod
444 2603 576 2662 aedificio
601 2602 778 2662 circumdato
807 2601 884 2672 silva,
910 2611 941 2660 ut
966 2613 1033 2661 sunt
1057 2602 1116 2660 fere

121 2699 268 2760 domicilia
299 2701 458 2773 Gallorum,
486 2704 536 2780 qui
566 2702 673 2761 vitandi
704 2710 800 2760 aestus
828 2717 916 2758 causa
945 2700 1115 2777 plerumque
1130 2715 1160 2766 25

121 2799 258 2856 silvarum
288 2809 374 2876 atque
406 2801 557 2860 fluminum
592 2809 693 2877 petunt
723 2799 961 2875 propinquitates,
994 2800 1115 2858 comites

120 2897 333 2973 familiaresque
357 2900 419 2958 eius
443 2909 568 2976 angusto
592 2901 622 2957 in
642 2900 709 2958 loco
730 2898 875 2974 paulisper
896 2897 1025 2972 equitum
1046 2915 1115 2955 nos-

111 3004 231 3054 trorum
249 2997 306 3054 vim
324 2999 525 3058 sustinuerunt.
567 2998 624 3057 His
643 2997 839 3073 pugnantibus
858 2995 937 3053 illum
956 2996 986 3052 in
1007 3012 1115 3070 equum

121 3094 240 3170 quidam
262 3113 299 3154 ex
324 3096 383 3155 suis
406 3097 516 3155 intulit:
544 3096 702 3172 fugientem
725 3094 810 3164 silvae
832 3102 970 3152 texerunt.
1014 3091 1061 3149 Sic
1087 3100 1115 3148 et

121 3191 159 3250 ad
180 3193 364 3252 subeundum
388 3195 548 3270 periculum
572 3204 600 3253 et
625 3195 663 3253 ad
686 3191 834 3251 vitandum
855 3190 978 3248 multum
998 3188 1115 3247 fortuna
1127 3209 1159 3257 30

119 3290 215 3350 valuit.
256 3296 302 3349 at.
324 3292 476 3350 Ambiorix
492 3293 589 3368 copias
609 3309 676 3350 suas
695 3289 838 3349 iudicione
856 3307 917 3347 non
935 3287 1131 3358 conduxerit?

121 3388 202 3463 quod
236 3387 345 3464 proeho
380 3389 578 3449 dimicandum
610 3408 671 3449 non
705 3387 882 3458 existimarit,
914 3401 951 3442 an
982 3392 1113 3460 tempore

121 3486 255 3546 exclusus
286 3494 315 3545 et
345 3488 498 3563 repentino
530 3487 660 3564 equitum
691 3487 816 3546 adventu
848 3483 1017 3561 prohibitus,
1046 3501 1132 3546 cum,
