2686 3910
204 156 264 220 168
526 171 555 222 ο.
578 171 672 220 loru
692 172 867 222 causamn
1139 175 1198 221 vrr.

199 320 384 394 inHelvios,
405 323 474 381 item
500 321 633 384 Rutenos
658 323 865 401 Cadurcosque
887 324 925 382 ad
946 324 1019 381 fines
1039 321 1199 381 Volcarum

200 419 440 479 Arecomicorum
470 421 692 498 depopulandos
719 425 813 481 mittit.
869 422 969 481 Nihilo
996 421 1092 480 minus
1120 421 1199 479 clan-

202 519 321 577 destinis
342 519 450 577 nuntiis
464 519 713 596 legationibusque
727 522 903 596 Allobrogas
918 520 1059 589 sollicitat,
1074 536 1199 594 quorum
1281 529 1287 537 '

200 627 313 675 mentes
349 618 482 677 nondum
517 619 554 676 ab
589 621 736 694 superiore
769 619 845 678 bello
879 619 1021 677 resedisse
1055 617 1199 694 sperabat.
1247 627 1248 630 ’

171 731 185 780 5
201 715 317 774 Horum
336 716 514 793 principibus
534 719 680 794 pecunias,
696 719 800 776 civitati
819 727 917 776 autem
938 717 1091 793 imperium
1111 717 1200 774 totius

200 815 365 889 provinciae
393 815 551 889 pollicetur.
605 822 658 875 65.
680 817 729 876 Ad
756 817 812 875 hos
840 834 944 875 ornnes
972 833 1057 874 casus
1084 815 1202 891 provisa

200 922 282 970 erant
304 913 448 989 praesidia
472 913 635 972 cohortium
659 915 783 973 duarum
806 924 834 973 et
855 915 963 990 viginti,
982 931 1057 991 quae
1078 931 1114 971 ex
1135 913 1201 988 ipsa

200 1011 350 1086 provincia
373 1013 410 1069 ab
435 1011 468 1070 L.
493 1011 618 1071 Caesare
641 1013 737 1089 legato
763 1013 801 1072 ad
822 1031 925 1072 omnes
950 1023 1046 1089 partes
1067 1028 1200 1088 oppone-

200 1109 313 1167 bantur.
356 1109 451 1166 Helvii
473 1128 525 1168 sua
546 1121 651 1186 sponte
672 1130 740 1170 eum
761 1112 888 1169 finitimis
910 1110 1021 1188 proelio
1050 1108 1201 1184 congressi

158 1222 188 1258 10
201 1208 346 1284 pelluntur
365 1219 393 1267 et
407 1209 484 1267 Gaio
502 1209 620 1269 Valerio
641 1209 843 1282 Donnotauro,
859 1210 967 1269 Caburi
986 1209 1054 1278 filio,
1069 1208 1201 1284 principe

201 1307 330 1377 civitatis,
360 1307 614 1384 compluribusque
648 1310 709 1366 aliis
741 1309 896 1367 interfectis
923 1308 998 1366 intra
1028 1305 1138 1383 oppida
1166 1322 1201 1362 ac

201 1421 300 1462 muros
335 1405 554 1480 compelluntur.
597 1407 771 1482 Allobroges
805 1407 912 1464 crebris
948 1405 985 1464 ad
1020 1404 1201 1462 Rhodanum

202 1501 349 1577 dispositis
376 1503 526 1579 praesidiis
561 1522 669 1580 magna
702 1523 769 1562 curn
797 1523 865 1562 cura
897 1515 926 1562 et
954 1503 1102 1580 diligentia
1129 1518 1200 1560 suos

202 1598 274 1657 fines
288 1609 412 1660 tuentur.
455 1600 572 1673 Caesar,
587 1604 667 1678 quod
687 1603 786 1661 hostes
806 1604 934 1678 equitatu
954 1602 1116 1678 superiores
1136 1617 1201 1658 esse

158 1711 188 1761 15
201 1696 385 1774 intellegebat
404 1708 432 1756 et
452 1699 612 1760 interclusis
626 1699 764 1759 omnibus
782 1701 930 1759 itineribus
944 1700 1023 1758 nulla
1036 1718 1067 1758 re
1081 1717 1118 1756 ex
1132 1714 1201 1774 pro-

201 1797 294 1854 vincia
325 1807 411 1873 atque
443 1797 528 1857 Italia
560 1800 701 1858 sublevari
734 1808 856 1874 poterat,
888 1809 968 1857 trans
999 1797 1137 1854 Rhenum
1171 1796 1201 1851 in

203 1892 392 1954 Germaniam
413 1897 500 1955 mittit
520 1898 557 1956 ad
578 1916 627 1956 eas
649 1897 784 1967 civitates,
807 1914 880 1971 quas
901 1895 1095 1971 superioribus
1117 1893 1201 1952 annis

201 2003 363 2068 pacaverat,
393 1996 563 2071 equitesque
590 1996 627 2053 ab
656 1995 700 2053 his
732 1996 851 2054 arcessit
883 2005 912 2052 et
939 1993 1008 2052 levis
1040 2001 1201 2052 armaturae

201 2091 321 2168 pedites,
338 2093 387 2168 qui
406 2095 479 2152 inter
498 2111 549 2153 eos
563 2094 696 2171 proeliari
711 2102 894 2152 consuerant.
935 2091 1047 2150 Eorum
1066 2090 1202 2158 adventu,

157 2190 282 2264 roquod
310 2192 408 2250 minus
440 2192 554 2250 idoneis
585 2194 668 2268 equis
695 2194 857 2261 utebantur,
886 2209 904 2248 a
930 2190 1051 2248 tribunis
1079 2188 1202 2246 militum

202 2288 375 2365 reliquisque
397 2291 450 2349 sed
471 2301 499 2348 et
519 2292 663 2366 equitibus
685 2290 827 2349 Romanis
849 2297 935 2365 atque
960 2288 1087 2347 evocatis
1109 2304 1202 2361 equos

203 2386 289 2444 sumit
306 2386 519 2463 Germanisque
539 2389 688 2449 distribuit.

244 2489 297 2542 66.
319 2484 443 2555 Interea,
477 2485 547 2544 dum
582 2487 654 2546 haec
690 2496 835 2563 geruntur,
864 2485 992 2543 hostium
1027 2486 1131 2560 copiae
1166 2503 1202 2542 ex

203 2582 339 2641 Arvernis
365 2586 543 2660 equitesque,
572 2587 621 2660 qui
646 2588 697 2643 toti
722 2584 833 2642 Galliae
858 2593 940 2641 erant
964 2583 1104 2658 imperati,
1130 2600 1202 2640 con-

160 2699 187 2748 25
203 2681 327 2738 veniunt.
371 2681 483 2758 Magno
511 2682 615 2742 horum
643 2693 746 2742 coacto
778 2699 909 2751 numero,
932 2698 999 2740 cum
1032 2681 1142 2740 Caesar
1172 2682 1203 2738 in

205 2775 356 2853 Sequanos
381 2797 433 2856 per
457 2791 603 2838 extremos
628 2781 797 2855 Lingonum
825 2779 898 2837 fines
926 2779 980 2836 iter
1002 2777 1118 2849 faceret,
1142 2795 1202 2853 quo

204 2875 315 2936 facilius
351 2877 510 2936 subsidium
545 2879 709 2954 provinciae
744 2877 810 2935 ferri
842 2887 950 2952 posset,
983 2877 1094 2935 circiter
1125 2876 1205 2934 milia

206 2992 346 3055 passuum
376 2978 478 3036 decern
503 2978 540 3036 ab
570 2978 712 3036 Romanis
740 2976 821 3034 trinis
853 2977 953 3034 eastris
981 2975 1204 3051 Vercingetorix

204 3075 335 3134 consedit
364 3077 594 3150 'convocatisque
630 3076 667 3133 ad
695 3075 851 3134 concilium
886 3073 1038 3150 praefectis
1073 3075 1203 3148 equitum

161 3195 193 3243 30
204 3174 316 3231 venisse
330 3183 445 3248 tempus
466 3175 601 3232 victoriae
617 3174 802 3232 demonstrat.
846 3172 959 3248 Fugere
973 3175 1004 3232 in
1023 3174 1204 3248 provinciam

206 3271 358 3330 Romanos
376 3270 528 3346 Galliaque
547 3273 696 3330 excedere.
739 3271 774 3329 Id
789 3271 843 3330 sibi
858 3272 896 3331 ad
910 3280 1092 3348 praesentem
1107 3272 1204 3331 obtin·

205 3369 312 3427 endam
340 3369 500 3428 libertatem
529 3371 597 3429 satis
626 3387 706 3442 esse;
737 3370 774 3428 ad
801 3370 902 3447 reliqui
930 3371 1070 3446 temporis
1097 3390 1203 3448 pacem

206 3473 291 3538 atque
312 3468 403 3525 otium
424 3487 527 3544 parurn
548 3469 665 3545 profici:
693 3468 849 3528 maioribus
871 3469 950 3527 enim
973 3470 1083 3529 coactis
1109 3472 1203 3547 copiis
