2686 3910
208 163 270 244 204
616 181 652 230 A.
675 171 796 229 nrarrr
917 167 983 173 ”
1110 179 1208 228 ¹¹rur.

248 336 301 389 46.
323 329 367 390 Ea
400 349 430 389 re
463 331 581 407 cognita
609 331 717 391 Caesar
749 351 816 391 curn
848 332 879 391 in
909 332 1046 390 omnibus
1074 329 1207 405 partibus

209 426 320 488 Galliae
353 431 428 488 bene
461 448 508 488 res
540 431 602 506 geri
636 431 743 490 videret
778 431 975 506 iudicaretque
1008 429 1206 505 superioribus

208 526 321 586 aestivis
348 527 475 587 Galliam
508 528 650 586 devictam
679 529 886 605 subactamque
914 547 986 600 esse,
1015 527 1204 603 Aquitaniam

208 641 369 700 numquam
405 627 519 696 adisset,
554 644 606 702 per
642 626 673 685 P.
709 627 846 687 Crassum
884 629 1011 704 quadam
1046 645 1083 685 ex
1120 637 1205 702 parte

179 723 366 796 sdevicisset,
392 743 460 784 cum
485 724 598 783 duabus
622 725 785 802 legionibus
810 729 839 785 in
864 745 930 786 eam
954 737 1065 803 partem
1091 724 1206 783 Galliae

208 831 250 880 est
278 822 434 898 profectus,
458 834 489 882 ut
516 823 557 881 ibi
581 837 741 885 extremum
767 837 883 901 tempus
911 833 1094 884 consumeret
1119 823 1206 880 aesti-

207 922 318 979 vorum.
361 922 459 994 Quam
483 941 544 980 rem
567 925 649 983 sicuti
671 935 765 984 cetera
786 925 914 983 celeriter
934 922 1110 998 feliciterque
1132 939 1206 979 con-

208 1017 281 1077 fecit
338 1020 474 1096 Namque
509 1039 612 1080 omnes
647 1022 821 1100 Aquitaniae
856 1022 982 1080 civitates
1016 1020 1129 1095 legatos
1164 1018 1203 1076 ad

162 1181 166 1190 ¹
209 1116 363 1175 Caesarem
384 1119 523 1178 miserunt
545 1121 720 1198 obsidesque
742 1123 768 1180 ei
791 1121 940 1180 dederunt.
983 1118 1097 1190 Quibus
1116 1119 1204 1176 rebus

165 1229 195 1264 10
209 1216 297 1292 gestis
330 1217 393 1293 ipse
426 1219 555 1293 equitum
589 1221 733 1294 praesidio
766 1219 937 1278 Narbonem
972 1217 1119 1294 profectus
1150 1225 1204 1286 est,

209 1315 366 1373 exercitum
380 1333 433 1390 per
446 1315 559 1391 legatos
579 1319 608 1375 in
627 1317 748 1376 hiberna
763 1318 898 1377 deduxit:
922 1327 1057 1392 quattuor
1071 1315 1203 1390 legiones

209 1414 237 1469 in
265 1412 367 1488 Belgio
393 1413 543 1472 collocavit
565 1435 632 1474 cnm
660 1416 703 1476 M.
727 1416 857 1475 Antonio
885 1425 914 1474 et
942 1413 975 1474 C.
1001 1413 1151 1472 Trebonio
1174 1421 1204 1469 et

208 1511 240 1568 P.
255 1508 373 1569 Vatinio
387 1511 497 1586 legatia,
513 1514 585 1573 duas
600 1515 731 1590 legiones
750 1516 780 1572 in
794 1514 914 1574 Aeduos
934 1513 1061 1581 deduxit,
1077 1525 1205 1588 quorum

209 1610 238 1666 in
267 1611 347 1668 omni
376 1609 470 1670 Gallia
498 1630 641 1670 summam
669 1631 733 1672 esse
761 1613 961 1671 auctoritatem
989 1611 1106 1674 sciebat,
1129 1609 1202 1666 duas

164 1721 193 1772 15
209 1708 237 1765 in
261 1708 389 1768 Turonis
411 1710 448 1767 ad
471 1710 543 1770 fines
568 1710 727 1770 Camutum
752 1711 856 1786 posuit,
883 1728 957 1787 quae
980 1727 1098 1768 ornnem
1124 1708 1202 1766 illam

208 1807 357 1882 regionem
388 1809 570 1868 coniunctam
604 1809 725 1868 Oceano
757 1810 945 1880 continerent,
975 1809 1048 1866 duas
1078 1807 1204 1882 reliquas

208 1906 237 1962 in
260 1905 450 1965 Lemovicum
469 1907 574 1966 finibus
597 1925 657 1965 non
680 1908 767 1984 longe
787 1909 824 1965 ab
842 1907 987 1976 Arvernis,
1003 1924 1040 1964 ne
1059 1924 1116 1982 qua
1136 1923 1203 1982 pars

209 2001 320 2063 Galliae
352 2022 443 2063 vacua
472 2007 510 2064 ab
543 2006 670 2063 exercitu
702 2015 786 2064 esset.
829 2004 942 2064 Paucos
980 2005 1041 2062 dies
1077 2005 1139 2079 ipse
1172 2004 1202 2060 in

208 2103 356 2178 provincia
379 2113 518 2176 moratus,
543 2122 611 2162 cum
636 2105 764 2162 celeriter
788 2121 892 2162 omnes
917 2113 1076 2162 conventus
1100 2119 1202 2178 percu·

163 2201 350 2272 accurrisset,
383 2201 513 2276 publicas
545 2203 755 2261 controversias
787 2211 952 2278 cognosset,
985 2203 1061 2259 bene
1093 2201 1203 2258 meritis

208 2299 336 2374 praemia
357 2299 502 2358 tribuisset
525 2298 735 2379 (cognoscendi
757 2301 835 2360 enim
857 2301 1014 2358 maximam
1037 2298 1202 2357 facultatem

209 2397 342 2468 habebat,
375 2399 453 2473 quali
485 2399 608 2475 quisque
641 2399 742 2458 fuisset
775 2401 873 2457 animo
905 2399 935 2455 in
968 2399 1055 2456 totius
1090 2396 1203 2456 Galliae

209 2494 380 2564 defectione,
406 2511 494 2570 quam
524 2497 697 2555 sustinuerat
721 2497 857 2555 fidelitate
882 2506 968 2580 afflue
996 2496 1107 2554 auxiliis
1135 2513 1202 2572 pro-

208 2593 318 2650 vinciae
342 2591 439 2671 illius),
462 2593 506 2652 his
529 2593 667 2653 confectis
692 2595 778 2654 rebus
800 2595 838 2654 ad
860 2595 990 2671 legiones
1014 2597 1044 2652 in
1069 2593 1201 2669 Belgium

164 2725 193 2775 ²5
209 2709 239 2750 se
260 2691 369 2767 recipit
396 2690 586 2768 hibernatque
614 2692 859 2752 Nemetocennae.
902 2698 953 2753 47.
976 2693 1022 2750 Ibi
1050 2692 1202 2769 cognoscit

209 2790 376 2850 Commium
395 2790 563 2850 Atrebatem
583 2791 694 2867 proelio
707 2810 775 2850 cum
790 2792 918 2868 equitatu
937 2808 992 2849 suo
1006 2791 1202 2850 contendisse.

207 2889 286 2949 Nam
311 2909 378 2949 cum
403 2889 549 2949 Antonius
576 2890 606 2946 in
633 2889 753 2949 hiberna
769 2891 913 2959 ¹venisset,
939 2889 1095 2966 civitasque
1119 2891 1204 2948 Atre-

208 2991 307 3047 batum
326 2989 357 3045 in
376 2988 472 3048 officio
490 2998 574 3059 esset,
595 2986 757 3059 Commius,
778 2989 827 3065 qui
847 2999 914 3064 post
932 2988 1010 3046 illam
1029 2988 1202 3046 vulneratio·

208 3106 284 3158 nem,
305 3105 392 3164 quam
416 3105 503 3163 supra
526 3088 760 3157 commemoravi,
780 3105 896 3162 semper
919 3088 956 3146 ad
978 3105 1081 3145 omnes
1101 3095 1204 3146 motus

163 3213 194 3262 30
207 3197 323 3263 paratus
360 3186 418 3245 suis
450 3186 559 3244 civibus
595 3204 660 3244 esse
696 3196 872 3256 consuesset,
905 3203 941 3244 ne
978 3185 1099 3244 consilia
1134 3185 1204 3244 belli

208 3287 412 3362 quaerentibus
435 3294 535 3344 auctor
557 3303 703 3343 armorum
723 3286 840 3362 duxque
864 3286 985 3355 deesset,
1000 3296 1120 3360 parente
1141 3283 1203 3342 Ro·

207 3387 302 3444 manis
329 3385 440 3444 civitate
469 3401 535 3442 curn
564 3385 622 3442 suis
650 3384 794 3460 equitibus
825 3383 982 3443 latrociniis
1013 3401 1045 3441 se
1073 3401 1201 3458 suosque

207 3483 302 3541 alebat
337 3482 504 3559 infestisque
540 3482 688 3541 itineribus
724 3492 904 3552 commeatus
940 3481 1114 3556 complures
1152 3483 1201 3558 qui

209 3582 463 3658 comportabantur
505 3581 535 3638 in
580 3580 701 3639 hiberna
747 3579 973 3650 Romanorum,
993 3578 1200 3654 intercipiebat.
