2630 3916
106 187 245 275 45-48.
361 202 408 250 or.
429 202 538 252 antro
561 202 890 260 GALL100200MM.1.
1059 211 1099 278 29

106 351 231 428 aliquem
258 349 296 409 ad
323 367 354 410 se
381 352 513 412 mitteret.
557 351 750 430 Colloquendi
778 353 896 414 Caesari
923 371 1012 414 causa
1035 353 1109 413 visa·
1158 355 1163 364 “

105 459 232 521 nonest,
247 458 277 508 et
297 465 333 509 eo
352 451 453 526 magis,
469 451 549 528 quod
567 451 659 528 pridie
675 452 737 511 eius
751 452 807 511 diei
827 451 966 512 Germani
978 453 1096 512 retineri

32 629 35 636 Ι
105 566 166 608 non
194 557 337 624 poterant,
363 549 434 627 quin
455 549 487 618 in
508 559 624 609 nostros
652 550 710 608 tela
737 515 924 612 coniectent?
952 550 1097 627 Legatum

105 666 122 706 e
148 647 208 706 suis
236 664 300 706 sese
327 665 436 740 rpagno
463 651 541 706 cum‘
557 648 687 723 periculo
714 647 753 706 ad
780 666 848 706 eum
883 649 1038 708 missurum
1069 657 1099 708 et
1219 710 1244 743 a·
1258 683 1273 730 Η

106 744 273 803 hominibus
294 715 365 802 tilii
380 745 562 804 obiecturum
583 746 773 805 existimabat
817 746 1127 818 commodissimtrmg
1150 725 1181 766 ‘⁷
1200 703 1219 756 h

106 843 200 902 visum
228 853 272 902 est
300 842 410 902 Gaium
436 843 586 943 Valep‘um
613 829 783 944 Procillum&
805 842 839 902 C.
867 843 964 902 Valeri
992 842 1100 903 Caburi

107 941 207 1012 filium,
236 939 535 1022 summasvirtutelet
552 933 754 1033 {humanitate}
767 941 989 1014 adulescentem,
1019 942 1100 1002 cuius

106 1049 188 1116 pater
202 1059 220 1098 a
234 1038 310 1099 Gaio
328 1039 445 1098 Valerio
465 1038 571 1104 Flacco
591 1039 703 1098 civitate
717 1040 841 1100 donatus
854 1051 922 1111 erat,
935 1049 968 1101 et
981 1048 1100 1116 propter

107 1137 197 1196 fidem
224 1146 253 1197 et
279 1147 399 1215 propter
425 1137 541 1215 linguae
571 1136 700 1197 Gallicae
731 1138 890 1210 scientiam,
918 1158 977 1217 qua
1009 1138 1100 1198 multa

106 1237 165 1296 iam
187 1236 349 1297 Ariovistus
371 1236 533 1312 longinqua
557 1236 770 1296 consuetudine
797 1237 938 1308 utebatur,
962 1248 991 1298 et
1019 1237 1099 1314 quod
1115 1221 1145 1306 ιζ

107 1335 137 1394 in
156 1353 194 1394 eo
212 1335 353 1412 peccandi
360 1323 636 1422 {Germanisjcausa
652 1352 714 1392 non
730 1342 814 1406 esset,
834 1334 872 1394 ad
893 1354 960 1394 eum
979 1336 1100 1407 mittere,

109 1443 139 1493 et
159 1433 201 1492 M.
218 1433 350 1504 Metium,
372 1433 422 1510 qui
442 1432 570 1508 hospitio
594 1431 731 1492 Ariovisti
751 1435 891 1492 utebatur.
934 1433 990 1493 His
1018 1453 1101 1493 man·

108 1532 194 1603 davit,
216 1541 256 1603 ut,
278 1550 353 1610 quae
382 1531 490 1590 diceret
516 1530 687 1604 Ariovistus,
708 1542 920 1608 cognoscerent
947 1542 976 1591 et
1003 1533 1041 1592 ad
1068 1550 1100 1592 se
1133 1587 1137 1592 .

106 1630 255 1688 referrent.
297 1629 382 1702 Quos
411 1645 479 1688 cum
506 1615 586 1706 apud
606 1648 638 1689 se
665 1630 696 1687 in
718 1630 818 1689 castris
839 1630 1001 1690 Ariovistus
1030 1648 1100 1690 con-

106 1729 259 1806 spexisset,
282 1728 411 1788 exercitu
432 1745 485 1786 suo
510 1738 661 1804 praesente
681 1727 890 1788 conclamavit:
918 1730 989 1807 quid
1010 1729 1047 1788 ad
1069 1747 1100 1788 se
1115 1759 1143 1810 15

106 1827 257 1885 venirent?
286 1846 324 1886 an
344 1825 513 1902 speculandi
533 1827 640 1888 causa?
683 1825 823 1887 Conantis
840 1828 935 1887 dicere
956 1827 1101 1904 prohibuit
1192 1861 1195 1867 ·

106 1934 135 1983 et
154 1925 186 1983 in
206 1933 323 1984 catenas
341 1923 473 1984 coniecit.
495 1930 568 1992 ¹48.
596 1925 711 1985 Eodem
730 1925 776 1985 die
795 1933 888 1985 castra
908 1927 1052 2002 promovit
1071 1935 1101 1985 et

106 2021 223 2081 milibus
240 2041 380 2100 passuum
400 2041 451 2081 sex
468 2040 486 2081 a
505 2021 638 2084 Caesaris
660 2025 759 2083 castris
779 2025 946 2082 submonte
961 2023 1100 2082 consedit.

106 2103 253 2181 Postridie‘
276 2122 337 2182 eius
367 2122 423 2182 diei
456 2133 570 2202 praeter
602 2132 696 2181 castra
730 2121 862 2180 Caesaris
898 2138 965 2179 suas
999 2121 1100 2198 copias

105 2222 233 2281 traduxit
254 2231 283 2280 et
301 2198 426 2282 milibus²
438 2239 578 2300 passuum
602 2222 716 2281 duobus
737 2221 811 2281 ultra
818 2239 902 2312 ,9¹¹1ss
921 2229 1014 2280 castra
1032 2220 1100 2280 lecit
1115 2240 1144 2276 ao

798 2307 802 2322 l

74 2331 145 2387 -teo
166 2292 369 2401 consilio)³uti
396 2321 542 2380 frumento
570 2323 806 2414 commeatuquep
822 2320 872 2395 qui
899 2337 937 2378 ex
958 2319 1100 2396 Sequanis

105 2427 136 2476 et
163 2417 258 2478 Aedu'
303 2429 529 2495 supportaretur,
554 2416 712 2478 Caesarem
739 2414 948 2477 intercluderet.
989 2417 1036 2476 Ex
1063 2436 1100 2478 eo

107 2518 155 2577 die
178 2437 417 2578 dieseontinuos
438 2518 567 2595 quinque
592 2515 700 2576 Caesar
718 2534 772 2593 pro
791 2517 892 2576 castris
912 2535 979 2575 suas
1001 2518 1101 2593 copias

106 2615 246 2692 produxit
274 2625 304 2674 et
331 2617 424 2674 aciem
451 2617 621 2675 instructam
647 2615 756 2688 habuit,
784 2624 824 2686 ut,
853 2616 877 2673 si
904 2599 993 2702 vellet*
1014 2614 1101 2674 Ario·

105 2714 199 2774 viatus
221 2714 331 2790 proelio
362 2715 547 2786 contendere,
569 2714 595 2773 ei
617 2722 746 2791 potestas
767 2731 828 2772 non
849 2712 970 2772 deesset.
995 2713 1101 2816 rAm'
1115 2739 1144 2789 ²⁵

104 2814 197 2872 vistus
231 2812 276 2872 his
311 2814 448 2874 omnibus
484 2814 586 2873 diebus
620 2813 779 2872 exercitum
813 2812 914 2884 castris
949 2779 1100 2884 cobiiliun,

105 2913 235 2989 equestri
252 2913 364 2988 proelio
385 2913 492 2972 cotidie
511 2911 670 2972 contendit.
713 2883 886 2970 Genud'hoc
900 2919 961 2968 erat
974 2929 1100 2987 pugnae,

107 3028 169 3093 quo
198 2997 234 3070 se'
259 3009 398 3120 Germanj
426 3017 621 3072 exercuerant
664 3009 804 3087 Equitum
831 3008 909 3068 milia
936 3017 1018 3067 erant
1039 3027 1099 3078 sex,

104 3075 380 3169 roddeidlirwullero'
383 3115 386 3126 ’
395 3111 508 3186 pedites
527 3108 701 3169 velocissimi
722 3123 756 3167 ac
783 3107 939 3178 fortissimi,
961 3124 1035 3183 quos
1063 3124 1100 3163 ex

105 3209 188 3266 omni
209 3207 296 3284 copia
316 3207 420 3284 singuli
440 3207 571 3285 singulos
594 3225 663 3267 suae
686 3205 785 3266 salutis
807 3224 895 3266 causa
917 3204 1099 3280 delegerant:
1113 3229 1145 3281 3⁰

104 3325 174 3366 eum
202 3305 248 3366 his
276 3306 307 3365 in
334 3305 450 3382 proeliis
477 3279 671 3367 velilliitil.
713 3305 763 3365 Ad
789 3322 841 3364 eos
869 3322 901 3363 se
922 3303 1033 3378 equites
1054 3320 1100 3360 re·

105 3404 272 3482 cipiebant:
294 3404 346 3476 -hi,
375 3405 400 3464 si
426 3404 498 3480 quid
524 3415 585 3465 erat
612 3404 719 3475 durius,
747 3402 968 3470 concurrebant,
997 3400 1021 3458 si
1049 3401 1100 3476 qui

103 3505 239 3580 gravime
258 3503 378 3572 vulnere
397 3511 517 3580 accepto
546 3520 633 3580 equo·
652 3501 806 3574 deciderat,
829 3498 1100 3572 circumsistebant;
