2686 3910
105 232 112 241 .
144 191 279 257 19-22.
383 175 430 235 na
451 189 560 236 antro
585 188 735 238 erarico
758 189 870 239 coum.
896 190 972 238 Vm.
1078 196 1138 263 193

140 334 297 395 fortissime
336 337 508 414 proeliando
547 339 772 416 compluresque
806 339 984 398 vulnerando
1023 348 1140 414 cogeret

140 434 231 494 elatos
246 436 395 495 iracundia
409 437 533 496 victores
547 438 577 495 in
593 455 624 496 se
640 439 696 497 tela
710 440 854 499 conicere.
890 444 944 498 20.
967 435 1033 495 Tali
1048 437 1139 496 modo

139 550 170 590 re
192 544 275 608 gesta
302 535 467 594 recentibus
492 537 594 612 proelii
616 537 742 613 vestigiis
763 536 911 612 ingressus
933 535 1050 606 Caesar,
1072 553 1139 593 cum

139 633 231 690 victos
260 643 338 692 tanta
363 633 527 694 calamitate
557 639 735 698 existimaret
762 636 861 695 hostes
890 636 992 693 nuntio
1017 644 1139 709 accepto

139 730 239 789 locum
259 742 420 791 castrorum
440 733 599 807 relicturos,
622 754 698 813 quae
719 753 780 793 non
800 734 917 810 longius
934 735 971 791 ab
993 752 1028 792 ea
1049 731 1166 810 caede5

140 829 243 888 abesse
271 805 412 904 passuum
437 840 505 890 octo
533 834 648 892 milibus
674 833 851 905 dicebantur,
881 830 993 890 tametsi
1018 830 1138 888 flumine

140 927 311 1002 impeditum
334 929 486 987 transitum
507 930 630 1004 videbat,
653 943 750 990 tamen
772 930 897 988 exercitu
919 929 1049 986 traducto
1071 946 1137 1004 pro·

139 1025 275 1100 greditur.
316 1026 357 1085 At
372 1026 517 1112 Bellovaci
531 1028 716 1106 reliquaeque
739 1027 866 1087 civitates
881 1037 999 1103 repente
1018 1046 1054 1085 ex
1068 1027 1138 1104 fuga

138 1125 240 1198 paucis
264 1135 351 1200 atque
372 1125 417 1185 his
439 1126 593 1186 vulneratis
615 1119 749 1204 receptis,
765 1127 813 1203 qui
835 1125 969 1184 silvarum
993 1125 1137 1184 beneficio

139 1240 241 1281 casum
263 1224 446 1294 evitaverant,
469 1226 605 1284 omnibus
628 1226 765 1296 adversis,
791 1225 923 1300 [cognita
949 1223 1181 1298 calamitate,]10

137 1319 290 1380 interfecto
312 1320 433 1394 Correo,
458 1323 566 1382 amisso
591 1325 720 1401 equitatu
745 1333 773 1382 et
802 1322 964 1381 fortissimis
982 1322 1136 1398 peditibus,

137 1435 205 1476 cum
223 1420 377 1479 adventare
392 1419 546 1480 Romanos
567 1423 773 1493 existimarent,
787 1419 911 1479 concilio
931 1431 1048 1496 repente
1068 1439 1137 1479 can·

137 1526 168 1573 tu
186 1519 329 1600 'tubarum
352 1530 513 1578 convocato
545 1520 738 1590 conclamant,
776 1519 862 1595 legati
895 1519 1071 1594 obsidesque
1099 1520 1137 1578 ad

137 1614 294 1676 Caesarem
322 1619 476 1676 mittantur.
522 1625 566 1680 21.
590 1619 658 1677 Hoc
688 1618 824 1677 omnibus
857 1619 981 1694 probato
1015 1619 1135 1677 consilio

137 1715 292 1775 Commius
304 1717 431 1776 Atrebas
447 1718 484 1776 ad
498 1736 549 1777 eos
565 1717 695 1794 confugit
713 1716 886 1788 Germanos
902 1735 919 1774 a
933 1718 1038 1794 quibus
1053 1718 1091 1776 ad
1105 1718 1136 1777 id
1151 1743 1179 1796 15

135 1814 245 1873 bellum
267 1815 372 1875 auxilia
391 1825 537 1874 mutuatus
560 1827 628 1874 erat.
672 1815 799 1875 Ceterie
819 1815 940 1890 vestigio
962 1817 1078 1874 mittunt
1097 1817 1135 1875 ad

136 1910 294 1973 Caesarem
310 1914 422 1990 legatos
440 1923 609 1991 petuntque,
624 1924 655 1972 ut
669 1933 704 1972 ea
719 1932 815 1989 poena
835 1915 870 1972 sit
892 1923 1047 1974 contentus
1065 1914 1135 1973 hos-

135 2012 216 2084 tium,
236 2013 369 2089 quamsi
392 2013 454 2071 sine
477 2013 662 2071 dimicatione
683 2011 788 2070 inferre
810 2012 927 2089 integris
949 2023 1058 2088 posset,
1079 2034 1133 2091 pro

135 2127 189 2169 sua
217 2111 370 2170 clementia
398 2120 484 2187 atque
512 2110 692 2170 humanitate
716 2127 877 2185 numquam
901 2110 1033 2186 profecto
1057 2126 1134 2173 esset

134 2209 274 2268 illaturus,
316 2210 438 2268 Afflictis
453 2226 527 2287 opes
542 2210 668 2286 equestri
690 2209 802 2284 proelio
816 2207 1036 2268 Bellovacomm
1050 2230 1132 2286 esse;
1148 2247 1179 2282 ao

135 2307 315 2366 delectorum
330 2307 459 2384 peditum
479 2307 662 2366 multamilia
681 2308 820 2378 interisse,
840 2307 886 2364 vix
901 2306 1040 2383 refugisse
1060 2330 1133 2370 nun-

134 2405 191 2468 tios
219 2406 325 2466 caedis.
382 2406 498 2465 Tamen
533 2424 682 2482 magnum,
720 2416 752 2463 ut
787 2405 816 2462 in
851 2415 931 2464 tanta
963 2407 1133 2482 calamitate,

135 2504 307 2564 Bellovacos
335 2521 372 2562 eo
400 2504 511 2579 proelio
539 2503 730 2562 commodum
753 2521 817 2562 esse
842 2515 1024 2577 consecutos,
1053 2509 1134 2584 quod

135 2601 271 2672 Correus,
301 2612 402 2662 auctor
425 2603 501 2673 belli,
530 2603 691 2662 concitator
715 2601 912 2674 multitudinis,
942 2615 1018 2663 esset
1046 2607 1133 2665 inter·

133 2700 237 2760 fectus.
279 2700 450 2778 Numquam
479 2700 557 2759 enim
586 2711 720 2759 senatum
748 2709 859 2758 tantum
887 2701 917 2758 in
946 2703 1058 2762 civitate
1083 2706 1131 2764 illo
1147 2735 1174 2789 ²5

133 2800 207 2874 uim,
250 2809 390 2874 quantum
430 2800 593 2875 imperitam
636 2798 752 2875 plebem
794 2800 931 2874 potuisse.
974 2807 1025 2860 22.
1048 2803 1132 2864 Haec

133 2897 283 2956 orantibus
314 2897 416 2974 legatis
450 2905 662 2956 commemorat
691 2895 815 2956 Caesar:
852 2896 966 2956 Eodem
999 2909 1131 2978 tempore

133 2996 282 3071 superiore
320 3013 398 3054 anno
439 2994 611 3053 Bellovacos
648 3006 816 3071 ceterasque
857 2996 968 3056 Galliae
1004 3001 1130 3058 civitates

134 3094 296 3170 suscepisse
331 3093 457 3152 bellum:
500 3094 728 3169 pertinacissime
763 3095 817 3153 hos
857 3114 893 3154 ex
922 3098 1064 3157 ¹omnibus
1099 3100 1130 3156 in

133 3193 276 3252 sententia
297 3183 494 3268 permansisse
517 3209 612 3267 neque
633 3192 671 3250 ad
688 3194 840 3252 sanitatem
862 3195 1036 3271 reliquorum
1058 3196 1129 3254 ded·
1143 3227 1175 3276 30

131 3292 221 3350 itione
249 3309 313 3350 esse
337 3292 501 3367 perductos.
544 3289 623 3350 Scire
651 3301 737 3367 atque
759 3293 923 3368 intellegere
953 3312 983 3352 se
1010 3312 1129 3358 causam

133 3393 244 3474 peccati
270 3389 403 3448 facillime
427 3391 548 3449 mortuis
573 3390 707 3466 delegari.
750 3391 906 3450 Neminem
928 3411 995 3451 vero
1017 3403 1129 3456 tantum

131 3489 250 3564 pollere,
279 3499 310 3547 ut
337 3488 432 3546 invitis
461 3489 646 3565 principibus,
679 3492 827 3551 resistente
852 3502 962 3563 senatu,
991 3497 1129 3558 omnibus

131 3587 216 3646 bonis
232 3589 461 3664 repugnantibus
475 3589 590 3649 infirma
604 3610 693 3650 manu
707 3592 799 3669 plebis
818 3592 925 3651 bellum
940 3595 1083 3654 concitare
1098 3609 1128 3656 et

623 3711 641 3750 0
