2630 3916
87 192 293 285 {ao-23„
374 203 420 252 nn
441 200 551 253 sntio
574 205 725 254 asiarco
747 199 857 256 comm.
881 205 937 254 rrr.
1090 191 1129 256 61

88 346 93 432 s
130 353 162 412 in
184 353 363 415 deditionem
383 367 415 416 ut
435 350 562 435 recipiat,
577 366 687 434 petunt.
730 351 798 429 Qua
818 375 849 416 re
877 356 1133 434 impetrata‘anna

89 443 93 500 ἰ
130 450 245 512 tradere
266 455 336 513 iussi
356 455 474 516 faciunt.
516 462 568 516 22.
589 456 686 532 Atque
706 456 737 514 in
758 475 793 515 ea
813 473 844 514 re
864 455 996 513 omnium
1017 464 1133 513 nostro·

90 620 94 628 Ι
130 570 197 610 rum
224 553 341 612 intentis
369 555 473 614 animis
497 554 552 614 alia
575 573 612 614 ex
639 565 721 633 parte
745 550 846 632 oppidi
866 553 1060 624 Adiatunnus
1083 554 1134 630 qui

132 668 280 710 summam
293 653 407 729 imperii
419 651 545 725 tenebat,
560 672 635 712 cum-
641 654 697 714 DC
712 619 921 750 devotissquos
935 653 974 711 illi
989 652 1133 711 soldurios

91 776 95 835 3
133 749 290 826 appellant,
314 769 439 827 quorum
462 751 535 812 haec
560 763 603 812 est
627 752 772 823 condicio,
797 752 839 810 uti
860 752 998 812 omnibus
1020 753 1051 809 in
1075 751 1161 819 vitas

92 861 95 869 ⁴
133 848 299 908 commodis
320 868 379 909 una
399 865 467 909 curn
486 851 521 910 iis
542 851 679 921 fruantur,
695 847 821 928 quorum
841 869 873 911 se
893 851 1036 910 amicitiae
1053 850 1134 908 dedi-

91 965 96 1012 ·,
133 945 236 1018 derint,
262 949 286 1006 si
314 949 384 1025 quid
410 948 456 1009 his
483 968 536 1027 per
566 951 624 1009 vim
648 950 769 1022 accidat,
799 959 848 1008 aut
878 948 1005 1008 eundem
1032 967 1134 1008 casum

132 1063 194 1104 una
227 1046 320 1105 ferant
355 1058 404 1106 aut
437 1049 490 1108 sibi
521 1060 647 1108 mortem
677 1050 875 1121 consciscant;
911 1041 1018 1124 neque
1040 1046 1134 1106 adhuc

92 1153 97 1207 Ξ
132 1143 288 1202 hominum
320 1147 463 1205 memoria
496 1157 626 1224 repertus
660 1158 704 1207 est
740 1148 903 1225 quisquam,
934 1139 983 1223 qui
1017 1164 1053 1205 eo
1089 1147 1133 1204 in·

93 1244 97 1269 ²
133 1241 265 1313 terfect0,
295 1244 377 1302 cuius
411 1262 442 1303 se
477 1245 619 1304 amicitiae
655 1245 825 1317 devovisset,
859 1246 934 1305 mori
971 1213 1180 1332 recusaretdro

94 1381 98 1405 2
133 1359 202 1400 cum
221 1340 266 1400 his
285 1341 470 1402 Adiatunnus
490 1344 673 1421 eruptionem
693 1343 788 1403 facere
810 1354 940 1413 conatus
956 1343 1081 1403 clamore
1096 1345 1134 1402 ab

94 1464 98 1472 ·
134 1457 170 1498 ea
183 1451 264 1515 parte
282 1441 451 1500 munitionis
472 1443 595 1514 sublat0,
610 1460 677 1502 cum
695 1442 733 1501 ad
752 1461 832 1501 anna
848 1443 952 1501 milites
973 1444 1135 1501 concurris·

134 1548 200 1596 sent
213 1538 457 1616 vehementerque
471 1541 511 1598 ibi
524 1551 686 1618 pugnaturn
703 1551 788 1612 esset,
802 1541 934 1618 repulsus
947 1541 977 1599 in
991 1541 1134 1618 oppidum

95 1636 99 1646 ’
133 1645 241 1708 tamen,
262 1639 305 1696 uti
326 1638 432 1697 eadem
456 1638 612 1699 deditionis
632 1639 806 1700 condicione
826 1649 960 1711 uteretur,
983 1660 1001 1699 a
1025 1639 1133 1701 Crasso

133 1735 409 1850 impetravitffb.
431 1737 530 1796 Armis
558 1739 766 1815 obsidibusque
793 1738 920 1815 acceptis
951 1737 1073 1798 Crassus
1103 1739 1133 1797 in
1149 1764 1177 1814 ¹5

133 1835 207 1894 fines
222 1835 380 1895 Vocatium
394 1846 422 1896 et
436 1836 622 1897 Tarusatium
636 1839 782 1915 profectus
796 1849 848 1897 est.
892 1837 971 1896 Turn
985 1853 1053 1896 vero
1068 1840 1133 1897 bar-

133 1934 196 1992 bari
213 1936 364 2002 commoti,
380 1936 460 2013 quod
478 1937 627 2026 oppidum¹
636 1948 669 2018 et
687 1947 790 1995 natura
807 1936 864 1995 loci
883 1945 911 1994 et
930 1953 1020 1994 manu
1038 1937 1133 1994 muni-

132 2042 196 2091 tum
223 2034 325 2108 paucis
354 2034 464 2106 diebus,
493 2009 601 2111 quibds'
625 2014 807 2094 eo'*'ventum
835 2043 904 2103 erat,
933 2021 1133 2110 expugnatum

133 2142 340 2208 cognoverant,
371 2132 483 2209 legatos
518 2121 768 2210 quoquoversum
785 2132 938 2203 dimittere,
971 2132 1131 2204 coniurare,
1212 2141 1213 2144 ’

133 2229 252 2288 obsides
273 2230 348 2288 inter
369 2230 499 2303 sedare,
521 2232 622 2307 copias
642 2249 745 2308 parare
767 2241 934 2308 coepemnt.
956 2230 1021 2300 ¹Mi
1065 2240 1132 2290 ntur
1146 2256 1178 2293 πο

133 2329 221 2386 etiam
243 2328 281 2387 ad
301 2346 351 2388 eas
372 2329 499 2390 civitates
519 2329 614 2406 legati,
629 2347 705 2407 quae
724 2340 791 2388 sunt
810 2289 1009 2388 citerioiid‘ldi
1025 2331 1131 2404 paniae

98 2447 101 2454 ¹
133 2426 272 2485 finitimae
305 2427 495 2503 Aquitaniae:
530 2429 598 2488 inde
625 2429 731 2488 auxilia
763 2428 910 2506 ducesque
938 2437 1130 2488 arcessuntur.

133 2523 269 2597 Quorum
296 2526 421 2586 adventu
448 2545 557 2604 magna
583 2546 652 2587 cum
679 2528 847 2587 auctoritate
875 2537 904 2586 et
931 2545 1039 2602 magna
1063 2545 1131 2586 cum

131 2623 286 2682 hominum
304 2625 486 2685 multitudine
505 2626 613 2685 bellum
633 2644 734 2702 gerere
753 2635 903 2685 conantur.
901 2675 922 2734 s
946 2624 1045 2684 Duces
1062 2644 1131 2684 vero

131 2722 152 2780 ii
171 2721 343 2798 deliguntur,
359 2725 408 2800 qui
426 2742 485 2783 una
504 2743 571 2784 cum
586 2723 623 2796 Q.
641 2725 767 2784 Sertorio
787 2742 890 2783 omnes
910 2677 1004 2782 druos
1018 2723 1131 2783 fuerant
1146 2748 1175 2798 25

132 2837 337 2897 summamque
358 2822 509 2880 scientiam
530 2823 572 2881 rei
592 2823 721 2882 militaris
749 2822 855 2881 habere
884 2822 1130 2882 existimabantur.

132 2917 175 2977 Hi
195 2920 406 2981 consuetudine
425 2920 526 2997 populi
541 2920 669 2979 Romani
687 2921 754 2981 loca
767 2938 880 2998 capere,
894 2930 988 2980 castra
1007 2921 1130 2992 munire,

132 3012 345 3078 commeatibus
372 3028 490 3078 nostros
517 3018 708 3078 intercludere
741 3020 901 3078 instituunt.
956 3018 1047 3091 Quod
1080 3019 1130 3077 ubi

132 3115 256 3176 Crassus
281 3117 489 3189 animadvertit,
513 3135 579 3176 suas
603 3118 703 3193 copias
721 3127 840 3195 propter
863 3118 1049 3194 exiguitatem
1069 3134 1131 3174 non

132 3214 215 3274 facile
229 3213 335 3286 diduci,
350 3214 467 3274 hostem
486 3225 515 3274 et
528 3216 625 3292 vagari
637 3225 665 3274 et
679 3216 740 3274 vias
754 3216 888 3275 obsidere
904 3225 933 3275 et
946 3216 1045 3275 castris
1060 3215 1129 3274 satis
1143 3237 1175 3288 30

131 3314 267 3392 praesidii
289 3313 461 3391 relinquere,
484 3315 524 3372 ob
548 3331 614 3372 eam
638 3332 757 3373 causam
778 3316 874 3373 minus
896 3311 1051 3373 commode
1072 3311 1130 3370 fru-

131 3423 264 3472 mentum
292 3422 547 3489 commeatumque
575 3415 629 3472 sibi
656 3415 830 3491 supportari,
854 3414 886 3471 in
913 3413 974 3472 dies
1002 3410 1130 3470 hostium

131 3529 286 3572 numerum
308 3513 416 3588 augeri,
438 3503 498 3570 non
519 3512 716 3572 cunctandum
738 3511 917 3582 existimavit,
939 3511 1009 3588 quin
1029 3529 1130 3588 pugna
