2650 3918
112 211 253 288 30-33.
324 177 387 266 'or
408 215 517 267 sacro
539 217 692 267 oarrrco
716 217 826 268 corun.
854 217 885 269 ν.
1067 227 1108 293 99

111 367 215 440 noctis,
238 387 305 428 cum
326 387 379 428 sua
399 368 521 446 quisque
542 369 624 428 miles
650 369 891 444 circumspiceret,
912 368 981 446 quid
1009 382 1117 428 secum*
1161 380 1163 383 ’

110 475 227 540 portare
248 477 355 543 posset,
377 468 503 545 quidex
524 469 715 526 instrumento
736 468 922 526 hibernorum
934 521 936 525 .
949 467 1109 544 relinquere

110 576 273 641 cogeretur.
315 567 423 635 Omnia
451 535 658 643 effiiiiiiiur,
687 585 776 642 quare
803 583 858 625 nec
890 567 952 626 sine
979 565 1108 642 periculo

110 675 263 723 maneatur
281 674 310 724 et
323 667 463 742 languore
482 666 604 723 militum
624 675 653 724 et
666 665 767 742 vigiliis
782 663 941 741 periculum
961 672 1106 740 augeatur.

111 761 208 821 Prima
235 763 300 823 luce
328 763 367 822 sic
395 776 432 823 ex
459 764 559 822 castris
587 763 815 840 proficiscuntur,
840 771 872 822 ut
900 762 1004 839 quibus
1032 773 1134 838 esset5

110 877 282 936 persuasum
303 879 363 920 non
385 863 422 920 ab
443 859 536 934 hoste,
558 863 610 920 sed
636 863 673 920 ab
698 861 816 920 homine
838 861 1013 921 amicissimo
1035 861 1106 922 Am-

110 959 221 1036 biorige
249 961 400 1022 consilium
429 961 537 1031 datum,
566 960 737 1036 longissimo
770 959 886 1035 agmine
914 960 1106 1036 maximisque

109 1057 333 1134 impedimentis.
368 1065 419 1119 32.
440 1058 480 1116 At
494 1058 601 1130 hostes,
613 1067 805 1134 posteaquam
816 1075 852 1115 ex
863 1067 1006 1118 nocturno
1019 1057 1105 1141 frem-¹

110 1155 150 1214 itu
178 1157 339 1233 vigiliisque
365 1157 404 1216 de
431 1155 611 1233 profectione
639 1175 742 1215 eorum
770 1165 929 1226 senserunt,
957 1156 1105 1216 collocatis
1129 1141 1130 1145 Ἰ

109 1254 220 1314 insidiis
243 1255 379 1332 bipertito
402 1255 433 1312 in
457 1255 534 1314 silvis
558 1264 727 1331 opportuno
750 1263 835 1330 atque
859 1254 974 1312 occulto
997 1255 1063 1314 loco
1079 1273 1104 1314 a
1119 1278 1149 1314 ro

109 1353 225 1414 milibus
258 1369 395 1430 passuum
428 1353 539 1413 circiter
571 1353 685 1412 duobus
716 1352 917 1411 Romanorum
949 1353 1103 1416 adventum

108 1454 324 1528 exspectabant,
350 1461 470 1512 etcum
495 1471 527 1511 se
550 1453 643 1510 maior
669 1470 736 1528 pars
761 1451 885 1528 agminis
911 1452 942 1510 in
965 1471 1103 1528 magnam

108 1552 269 1610 convallem
290 1551 460 1622 demisisset,
485 1567 522 1609 ex
549 1561 670 1628 utraque
699 1560 779 1626 parte
807 1549 869 1608 eius
897 1550 978 1610 vallis
1007 1551 1102 1610 subito

107 1665 138 1708 se
157 1649 347 1709 ostenderunt
367 1650 597 1726 novissimosque
618 1667 748 1726 premere
769 1656 798 1706 et
819 1648 929 1724 primos
950 1649 1103 1724 prohibere

106 1766 230 1807 ascensu
247 1758 335 1826 atque
351 1749 531 1826 iniquissimo
551 1749 656 1807 nostris
676 1747 743 1805 loco
762 1747 903 1822 proelium
923 1748 1101 1807 committere
1117 1767 1145 1818 15

106 1856 274 1922 coeperunt.
317 1853 368 1907 33.
390 1845 470 1905 Tum
490 1845 607 1946 demum
621 1846 759 1915 Titurius,
775 1845 825 1921 qui
841 1845 912 1902 nihil
926 1855 992 1902 ante
1006 1845 1100 1921 provi-

105 1945 204 2016 disset,
224 1946 367 2022 trepidare
389 1954 417 2003 et
435 1919 608 2004 concursare
629 1943 822 2018 cohortesque
844 1943 1007 2018 disponere,
1028 1943 1100 2002 haec

104 2053 203 2103 tamen
217 2045 281 2122 ipsa
294 2015 398 2103 timide
412 2054 499 2121 atque
519 2053 550 2101 ut
571 2061 639 2100 eum
658 2042 757 2101 omnia
776 2041 900 2101 deficere
919 2041 1098 2114 viderentur3

105 2143 185 2218 quod
202 2142 398 2220 plerumque
392 2143 427 2202 ris
443 2140 575 2200 accidere
595 2141 754 2211 consuevi,
774 2140 823 2215 qui
844 2139 874 2197 in
894 2140 960 2215 ipso
979 2139 1099 2216 negotio

104 2241 258 2300 consilium
280 2259 383 2317 capere
404 2249 555 2316 coguntur.
600 2239 639 2297 At
660 2239 759 2310 Cotta,
778 2238 828 2314 qui
849 2238 1007 2314 cogitasset
1026 2238 1098 2298 haec
1114 2263 1144 2298 ιο

104 2355 193 2416 posse
212 2340 242 2398 in
261 2340 359 2398 itinere
378 2339 509 2398 accidere
528 2347 614 2414 atque
632 2339 670 2396 ob
690 2355 755 2395 eam
774 2355 892 2396 causam
911 2336 1098 2412 profectionis

103 2448 204 2498 auctor
231 2453 293 2498 non
314 2438 422 2510 fuisset,
444 2439 558 2496 nulla'
551 2457 581 2495 m
609 2456 639 2496 re
657 2437 811 2495 communi
834 2435 917 2494 saluti
945 2435 1043 2494 deerat
1032 2445 1095 2494 tet

102 2538 132 2594 in
159 2499 360 2614 appellaihihs
361 2535 607 2612 cohortandisque
633 2535 772 2592 militibus
800 2533 981 2608 imperatoris
1010 2543 1039 2592 et
1067 2535 1097 2592 in

102 2635 203 2712 pugna
219 2635 316 2694 militis
331 2634 426 2692 officia
443 2634 614 2710 praestabat.
656 2631 732 2690 Cum
749 2640 835 2708 propt
837 2650 867 2690 er
885 2631 1096 2707 longitudinem

102 2734 227 2810 agminis
251 2733 347 2792 minus
361 2732 451 2792 'facile
472 2733 571 2790 omnia
592 2751 644 2808 per
668 2749 699 2789 se
721 2731 801 2789 obire
825 2740 862 2801 et,
883 2731 952 2807 quid
978 2750 1096 2808 quoque
1111 2759 1140 2808 ²5

101 2833 167 2892 loco
199 2831 364 2891 iaciendum
395 2840 481 2902 esset,
512 2831 663 2908 providere
694 2838 821 2905 possent,
850 2829 996 2889 iusserunt
1027 2849 1095 2907 pro.-

101 2931 243 3003 nuntiar'e,
274 2941 305 2990 ut
339 2929 548 3007 impedimenta
582 2928 775 3004 relinquerent
807 2936 893 3002 atque
927 2921 958 2984 in
992 2930 1096 2987 orbem

101 3031 301 3090 consisterent.
342 3028 433 3101 Quod
461 3028 613 3088 consilium
641 3027 696 3123 etqi
722 3025 922 3112 {aliusmodi
949 3045 1021 3086 casu
1048 3041 1093 3084 re-

100 3121 341 3206 prehendendum
366 3141 427 3186 non
455 3136 506 3198 est,
531 3137 629 3185 tamen
655 3125 842 3183 incommode
870 3125 990 3184 accidit:
1024 3135 1092 3183 narn

100 3236 128 3287 et
158 3227 265 3287 nostris
296 3226 433 3284 militibus
464 3244 547 3302 spem
578 3225 681 3282 minuit
709 3233 736 3282 et
767 3223 866 3282 hostes
894 3223 932 3281 ad
962 3239 1091 3305 pugnam
1106 3250 1137 3297 30

99 3327 251 3386 alacriores
271 3325 374 3396 effecit,
390 3325 470 3402 quod
489 3341 550 3382 non
570 3324 631 3382 sine
652 3335 767 3382 summo
784 3321 938 3379 timoret
910 3329 938 3378 et
957 3319 1091 3393 despera-

98 3425 177 3484 tione
208 3423 238 3483 id
266 3423 374 3483 facturn
377 3422 560 3532 vrdqbatur.
602 3421 753 3480 Praeterea
784 3418 895 3490 accidit,
876 3417 1002 3494 tquod
1030 3416 1091 3483 fieri

98 3541 219 3585 necesse
243 3531 312 3594 erat,
336 3531 368 3582 ut
377 3492 485 3598 volgo
492 3497 604 3580 milites
630 3521 667 3578 ab
691 3518 781 3594 signis
807 3513 994 3586 discederent,
990 3533 1109 3642 fuae.
