2686 3910
118 207 261 290 v‚541--56.
350 221 396 267 nr
417 220 528 267 aurro
553 218 703 266 onrrrco
723 217 837 276 eumn.
864 217 927 265 vn.
1057 201 1122 285 163

121 373 203 448 quod
230 379 274 430 est
299 371 445 448 oppidmnv
470 372 550 448 apud
577 388 628 429 eos
647 371 802 429 ‘maximae
830 369 1018 438 auctoritatis,
1041 363 1123 427 Con·-

120 469 305 528 victolitavim
332 472 534 546 magistratum
564 487 764 546 magnamque
792 478 905 545 partem
938 475 1055 525 senatus
1086 464 1124 523 ad

119 587 202 627 enm·¹
217 570 396 640 convenisse,
423 570 535 644 legatos
563 569 601 626 ad
629 569 900 643 Vercingetorigem
929 567 965 624 de
992 584 1075 642 pace,
1095 573 1123 621 et

118 668 246 732 amicitia
266 667 452 726 concilianda
476 667 591 743 publice
614 668 728 733 missos,
751 669 816 724 non'
835 663 1123 740 praetermittendum

120 775 234 822 tanturn
254 765 445 824 commodum
466 766 708 823 existimavemnt.
751 763 854 838 Itaque
878 762 1036 820 interfectis
1058 760 1149 830 Nos

119 863 428 922 'viodunicustodibus
449 865 556 939 quique
568 881 612 921 ¹eo
633 861 801 938 negotiandi
821 880 909 920 causa
927 869 1123 920 convenerant

119 964 274 1036 pecuniam
300 972 386 1038 atque
406 979 499 1037 equos
523 963 597 1019 inter
620 980 651 1019 se
675 961 772 1037 partiti
797 969 880 1031 sunt=;
911 959 1030 1017 obsides
1055 959 1122 1016 civi·

118 1071 210 1119 tatum
242 1061 375 1120 Bibracte
407 1061 444 1118 ad
479 1061 680 1136 magistratum
715 1058 904 1117 deducendos
932 1066 1121 1126 curaverunt;

119 1158 271 1234 oppidum,
294 1159 373 1234 quod
399 1178 417 1216 a
440 1177 470 1216 se
493 1159 583 1216 teneri
613 1167 673 1216 non
696 1175 784 1232 posse
812 1157 987 1226 iudicabant,
1011 1173 1048 1212 ne
1074 1157 1121 1212 cui

119 1266 195 1314 esset
222 1259 287 1315 usui
316 1257 468 1328 Romanis,
497 1257 688 1316 incenderunt
700 1275 711 1328 3·
744 1255 880 1313 frumenti
913 1255 993 1329 quod
1026 1253 1122 1313 subito
1139 1270 1168 1306 10
1191 1295 1194 1301 -

119 1365 276 1430 potuerunt
303 1357 423 1414 navibus
451 1365 615 1424 avexerunt,
644 1355 787 1430 reliquum
815 1353 935 1410 flumine
964 1362 1050 1429 atque
1079 1353 1122 1412 in.-

117 1453 225 1518 ,cendio
249 1460 450 1530 cormperunt.
493 1453 554 1530 Ipsi
589 1471 625 1510 ex
657 1452 786 1512 finitimis
821 1452 989 1526 regionibus
1022 1453 1122 1526 copias

120 1563 236 1627 cogere,
259 1553 405 1628 praesidia
427 1552 632 1626 custodiasque
658 1551 696 1608 ad
724 1552 802 1625 ripas
831 1549 942 1626 Ligeris
968 1551 1122 1627 disponere

118 1651 338 1726 equitatumque
361 1651 497 1708 omnibus
521 1649 598 1709 locis
618 1649 755 1708 iniciendi
779 1649 891 1706 timoris
913 1667 1001 1706 causa
1024 1658 1122 1706 osten'-

115 1759 180 1812 tare
208 1759 375 1824 coeperunt,
399 1751 422 1806 si
451 1750 488 1807 ab
517 1767 555 1809 re,
571 1748 758 1806 frumentaria
786 1746 938 1806 Romanos
967 1746 1121 1807 excludere
1132 1761 1166 1810 :15

117 1855 169 1906 a'ut
184 1847 327 1906 adductos
341 1848 441 1922 inopia
454 1848 485 1904 in
499 1847 678 1922 provinciam
693 1845 836 1922 expellere
850 1855 977 1921 possent.
1022 1844 1121 1916 Quam

119 1945 158 2004 ad
187 1963 270 2020 spem
299 1946 422 2003 multum
450 1964 502 2004 eos
530 1945 691 2016 adiuvabat,
720 1944 801 2020 quod
829 1943 916 2018 Liger
944 1962 980 2001 ex
1008 1943 1121 2006 nivibus

117 2053 257 2115 creverat,
291 2054 322 2101 ut
353 2045 474 2102 omnino
508 2045 585 2102 vado
613 2061 674 2100 non
705 2061 793 2119 posse
820 2043 934 2100 transiri
969 2043 1119 2101 videretur.

119 2149 172 2202 56.
196 2142 313 2214 Quibus
332 2143 417 2201 rebus
435 2143 560 2218 cognitis
576 2140 684 2200 Caesar
705 2141 910 2198 maturandum
928 2140 983 2199 sibi
1000 2141 1120 2210 censuit,

120 2243 144 2300 si
173 2251 250 2299 esset
279 2241 309 2298 in
336 2240 519 2318 perficiendis
547 2239 685 2316 pontibus
713 2239 942 2314 periclitandum,
970 2249 1003 2301 ut
1031 2240 1119 2317 prius,
1132 2260 1166 2294 ao

119 2359 210 2417 quam
235 2349 332 2397 essent
356 2339 481 2396 maiores
506 2357 542 2396 eo
565 2346 685 2397 coactae
707 2338 818 2414 copiae,
843 2339 999 2397 dimicaret.
1042 2337 1121 2400 Nam

116 2458 157 2498 ne
180 2432 361 2496 commutato
382 2436 503 2496 consilio
528 2438 581 2495 iter
609 2437 639 2494 in
667 2437 845 2512 provinciam
874 2448 1061 2509 converteret,
1089 2445 1121 2496 ut

119 2553 210 2594 nemo
235 2553 296 2593 non
321 2545 386 2594 tum¹
405 2536 524 2610 quidem
550 2535 714 2593 necessario
738 2535 904 2594 faciendum
929 2537 1120 2608 existimabat,

116 2654 189 2695 cum
217 2633 336 2692 infamia
361 2644 447 2711 atque
475 2634 633 2709 indignitas
661 2635 702 2691 rei
726 2643 755 2691 et
778 2635 931 2710 oppositus
953 2655 1040 2696 mons
1064 2637 1120 2696 Ce-

116 2750 217 2794 venna
237 2733 403 2810 viarumque
426 2732 577 2791 difficultas
598 2731 783 2808 impediebat,
805 2741 867 2790 tum
888 2735 1016 2794 maxime
1038 2737 1119 2810 quod
1132 2750 1164 2800 25

115 2833 260 2890 ,abiuncto
282 2829 413 2889 Labieno
440 2840 527 2907 atque
555 2832 590 2890 iis
614 2825 788 2906 legionibus,
812 2850 885 2907 quas
910 2851 969 2890 una
992 2835 1118 2908 miserat,

114 2929 306 2988 vehementer
339 2930 468 2988 timebat.
524 2931 626 3006 Itaque
662 2929 823 2988 admodum
858 2934 972 3006 magnis
1010 2933 1119 2997 diurni-s

118 3029 328 3102 nocturnisque
347 3029 496 3087 itineribus
516 3028 657 3086 coniectis
676 3039 778 3088 contra
797 3032 930 3088 omniurn
949 3032 1119 3107 opinionem

114 3127 158 3184 ad
186 3125 322 3200 Ligerem
350 3127 436 3198 venit,
465 3127 598 3204 vadoque
627 3145 678 3202 per
706 3129 817 3203 equites
848 3130 965 3188 invento
993 3148 1047 3205 pro
1077 3131 1119 3188 rei

118 3225 289 3282 necessitate
314 3234 491 3301 opportuno,
516 3235 547 3283 ut
575 3224 693 3284 brachia
716 3227 806 3285 modo
829 3237 916 3304 atque
943 3228 1055 3285 humeri
1081 3229 1118 3286 ad
1132 3237 1165 3296 39

115 3322 290 3380 sustinenda
321 3341 402 3382 arma
432 3323 514 3382 liberi
534 3325 582 3386 ¹ab
614 3342 690 3400 aqua
721 3343 785 3382 esse
816 3336 944 3403 possent,
977 3326 1118 3401 disposito

115 3421 258 3497 equitatu,
278 3421 405 3500 quivim
425 3420 552 3480 fluminis
571 3422 747 3497 refringeret,
768 3433 854 3498 atque
873 3423 1004 3480 hostibus
1023 3409 1117 3499 primo
1157 3432 1159 3436 '

112 3528 240 3595 aspectu
261 3520 433 3594 perturbatis
455 3519 810 3600 incolumemexercitum
832 3521 958 3580 traduxit
978 3520 1117 3590 frument:

613 3637 669 3678 ua
