2630 3916
205 194 257 280 ¹38
414 251 417 259 r
479 253 482 260 .
546 211 575 260 e.
598 209 693 262 marr
715 209 889 262 crassam
1175 203 1213 260 n.

203 363 771 440 ·commeatuque·nostrosprohiberent.
812 369 861 442 lo.
885 361 993 422 Caesar
1007 361 1111 422 certior
1120 361 1215 422 facttrs

214 459 251 518 ab
278 459 392 519 Titurio
413 478 533 524 omnem
558 461 716 538 equitatum
737 471 766 520 et
789 461 858 520 levis
879 469 1039 520 armaturae
1061 459 1216 534 Numidas,

202 554 372 618 funditores
406 559 629 635 sagittariosque
664 570 785 637 pontem
816 559 939 618 traducit
970 567 1058 636 atque
1089 559 1127 618 ad
1161 571 1214 620 eos

212 657 370 716 contendit.
411 657 525 717 Acriter
561 659 592 717 in
626 677 662 717 eo
697 659 765 718 loeo
803 667 966 736 pugnatum
1003 667 1056 717 est„
1099 657 1212 718 Hostes

175 755 368 833 suppeditas
404 757 496 816 nostri
532 757 564 814 in
600 757 721 817 flumine
758 758 888 834 aggressi
913 743 1072 832 magnum
1110 775 1213 816 eorum

209 872 367 913 numerum
394 856 580 915 occiderunt:
608 875 661 932 per
688 873 790 914 eorum
816 873 941 931 corpora
967 855 1094 930 reliquos
1122 855 1213 914 auda·

200 954 328 1012 ‚cissime
347 954 467 1012 transire
489 962 631 1012 conantes
651 953 834 1016 multitudine
855 953 982 1012 telorum
1005 952 1211 1029 reppulerunt;

209 1053 329 1128 primos,
349 1054 398 1131 qui
419 1054 598 1125 transierant,
618 1053 747 1130 equitatu
765 1054 978 1112 circumventos
996 1053 1210 1112 interfecerunt.

210 1149 323 1210 Hostes
344 1152 394 1210 ubi
413 1159 442 1210 et
463 1151 500 1212 de
521 1153 719 1229 expugnando
739 1151 852 1229 oppido
872 1161 901 1210 et
921 1151 957 1210 de
975 1149 1096 1210 flumine
1116 1159 1212 1211 trans·

168 1248 309 1310 ineundo
337 1268 420 1326 spem
452 1269 484 1310 se
511 1251 647 1310 fefellisse
677 1250 879 1310 intellexerunt
907 1269 1003 1326 neque
1031 1259 1148 1309 nostros
1179 1250 1210 1310 in

209 1348 308 1408 locum
328 1349 502 1425 iniquiorem
522 1349 660 1426 progredi
681 1347 833 1425 pugnandi
853 1366 942 1406 causa
963 1348 1103 1420 viderunt,
1123 1357 1210 1424 atque

200 1445 292 1522 ‘ipsos
319 1464 365 1504 res
392 1446 580 1505 frumentaria
607 1445 731 1504 deficere
761 1445 867 1521 eoepit,
894 1446 1019 1505 concilio
1047 1455 1209 1504 convocato

201 1545 420 1602 ·constituerunt
439 1545 580 1620 optimum
601 1563 675 1616 esse,
694 1544 816 1602 domum
837 1561 920 1602 suam
940 1562 1087 1620 quemque
1105 1544 1210 1606 reverti

210 1651 247 1712 et,
280 1660 404 1719 quorum
437 1645 468 1701 in
499 1643 572 1703 fines
606 1643 733 1720 primum
763 1642 893 1700 Romani
927 1643 1084 1702 exereitum
1119 1643 1209 1702 intro-

166 1763 195 1814 15
211 1738 370 1811 duxissent,
404 1741 443 1799 ad
474 1759 527 1800 eos
557 1741 760 1800 defendendos
794 1741 922 1816 undique
952 1741 1147 1812 convenirent,
1178 1752 1210 1800 ut

208 1839 308 1914 potius
342 1839 373 1897 in
406 1841 467 1898 suis
502 1857 591 1917 quam
624 1841 655 1898 in
689 1839 790 1898 alienis
825 1839 931 1899 finibus
967 1830 1145 1898 decertarent
1180 1850 1210 1898 et
1308 1837 1309 1846 ’

210 1938 378 1998 domesticis
413 1939 505 2015 copiis
523 1983 525 1988 s
543 1939 585 1996 rei
619 1937 823 1998 frumentariae
857 1946 1011 1998 uterentur.
1054 1937 1103 1998 Ad
1141 1957 1209 1999 eam

209 2039 383 2098 sententiam
414 2056 482 2100 cum
516 2037 633 2114 reliquis
665 2038 760 2096 causis
790 2037 864 2096 haee
899 2027 1016 2116 quoque
1050 2037 1124 2096 ratio
1155 2057 1209 2098 eos
1244 2039 1246 2045 “
1308 2065 1309 2068 “

209 2136 336 2209 deduxit,
348 2137 429 2213 quod
439 2136 615 2195 Divitiacum
630 2145 717 2212 atque
730 2136 852 2194 Aeduos
866 2136 972 2194 linibus
986 2135 1208 2196 Bellovacorum

165 2254 196 2290 20
209 2235 443 2310 appropinquare
481 2243 689 2310 cognoverant.
731 2232 789 2292 His
822 2233 1000 2310 persuaderi,
1035 2242 1067 2293 ut
1101 2235 1208 2294 diutius

197 2341 390 2414 ¹morarentur
403 2349 499 2408 neque
513 2333 573 2390 suis
587 2333 725 2391 auxilium
734 2331 850 2403 ferrent,
860 2350 921 2390 non
936 2342 1056 2408 poterat.
1099 2339 1140 2391 11.
1162 2333 1208 2392 Ea

208 2447 239 2487 re
254 2430 410 2488 constituta
426 2429 555 2490 secunda
575 2429 670 2504 vigilia
688 2448 797 2506 magno
816 2448 884 2489 cum
901 2431 1022 2507 strepitu
1034 2449 1069 2491 ‘ac
1083 2431 1207 2490 tumultu

208 2527 309 2586 castris
330 2526 440 2602 egressi
460 2526 540 2585 nullo
562 2537 641 2586 certo
663 2527 765 2588 ordine
786 2546 881 2604 neque
905 2529 1037 2604 imperio,
1059 2547 1127 2588 cum
1152 2529 1207 2589 sibi

208 2625 331 2702 quisque
349 2625 475 2700 primum
494 2624 603 2683 itineris
621 2625 720 2684 locum
739 2635 850 2703 peteret
870 2635 899 2684 et
918 2625 1040 2686 domum
1057 2626 1207 2701 pervenire

164 2742 193 2793 ²5
207 2731 384 2800 properaret,
403 2721 542 2794 fecerunt,
561 2733 593 2782 ut
612 2724 770 2783 consimilis
787 2725 873 2800 fugae
891 2725 1034 2801 profectio
1054 2725 1205 2798 videretur.

207 2821 275 2895 Hac
305 2841 337 2880 re
368 2821 463 2880 statim
492 2819 600 2881 Caesar
630 2841 683 2898 per
713 2823 909 2900 speculatores
940 2824 1058 2900 cognita
1087 2823 1207 2886 insidias

206 2921 322 2992 veritus,
333 2920 422 2997 quod,
437 2938 496 2996 qua
510 2920 546 2978 de
557 2939 647 2980 causa
661 2921 852 2994 discederent,
867 2923 1000 2982 nondum
1011 2933 1206 2999 perspexerat,
1308 2969 1309 2972 ,

207 3019 365 3078 exercitum
387 3019 605 3096 equitatumque
626 3021 727 3081 castris
748 3022 899 3080 continuit
941 3021 1039 3080 Prima
1055 3022 1120 3080 luce
1135 3040 1206 3084 con·

206 3119 320 3176 firmata
342 3135 373 3177 re
394 3119 432 3175 ab
452 3117 684 3194 exploratoribus
705 3136 826 3178 ornnem
847 3119 1016 3194 equitatum,
1037 3121 1088 3196 qui
1109 3103 1208 3180 novis·

161 3235 193 3282 30
205 3217 315 3275 simum
334 3233 441 3292 agmen
459 3226 628 3288 moraretur,
642 3216 798 3292 praemisit.
839 3217 896 3276 His
917 3217 1062 3290 Quintum
1083 3217 1208 3282 Pedium

207 3325 235 3374 et
254 3313 378 3372 Lucium
396 3313 625 3372 Aurunculeium
645 3314 762 3374 Cottam
781 3315 894 3392 legatos
912 3315 1059 3391 praefecit.
1104 3317 1208 3378 Titum

111 3480 115 3495 ἱ
206 3410 370 3470 Labienum
396 3411 525 3486 legatum
549 3430 616 3470 cum
643 3411 807 3488 legionibus
834 3415 925 3474 tribus
949 3414 1086 3490 subsequi
1113 3416 1207 3480 iussit.

209 3505 252 3564 Hi
281 3508 454 3568 novissimos
484 3509 579 3569 adorti
610 3521 639 3570 et
666 3511 758 3571 multa
784 3513 863 3572 milia
889 3531 1030 3589 passuum
1057 3517 1208 3590 prosecuti
