2686 3910
225 207 288 287 164
370 273 372 278 ,
548 223 576 273 c.
599 224 693 272 rurrr
715 221 890 272 cassurus
1151 207 1221 270 mr.
1324 253 1325 262 .

209 387 332 445 umque
365 370 396 427 in
427 373 504 447 agris
535 381 563 430 et
595 375 710 449 pecoris
742 373 858 449 copiam
894 381 997 431 nactus
1032 371 1142 448 repleto
1176 371 1221 430 his
1324 427 1325 466 ἦ

222 469 308 526 rebus
330 470 457 528 exercitu
478 471 531 528 iter
551 473 582 529 in
605 471 737 530 Senones
758 471 854 530 facere
874 470 1005 529 instituit.

265 572 316 627 57.
336 566 416 626 Dum
444 567 516 627 haec
544 569 623 646 apud
652 568 808 628 Caesarem
836 579 983 644 geruntur,
1008 568 1156 627 Labienus
1183 585 1221 626 eo

223 665 434 743 supplemento
449 667 528 742 quod
546 686 639 743 nuper
655 687 692 726 ex
710 667 793 726 Italia
812 678 939 740 venerat,
952 669 1052 727 relicto
1066 667 1220 743 Agedinci,

194 774 254 832 sut
278 774 354 822 esset
382 765 595 841 impedimentis
623 766 776 841 praesidi0,
800 786 867 826 cum
891 765 1029 845 quattuor
1056 765 1220 842 legionibus

223 863 367 922 Lutetiam
395 865 592 940 proficiscitur.
637 864 673 923 Id
698 875 741 924 est
765 866 909 942 oppidum
933 861 1117 936 Parisiorum,
1140 864 1220 940 quod

221 965 350 1040 positum
374 973 418 1022 est
446 964 475 1021 in
503 964 595 1022 insula
617 965 744 1023 flmninis
774 965 935 1043 Sequanae.
979 965 1070 1024 Cuius
1094 964 1220 1024 adventu

125 1066 127 1072 ‘
222 1063 259 1120 ab
280 1062 412 1121 hostibus
434 1062 552 1137 cognito
577 1081 703 1139 magnae
727 1081 764 1122 ex
786 1065 914 1123 finitimis
936 1063 1096 1123 civitatibus
1118 1061 1219 1139 copiae
1324 1099 1325 1107 .

223 1170 427 1218 convenerunt.
471 1160 592 1220 Summa
609 1163 720 1238 imperii
735 1164 854 1222 traditur
869 1161 1071 1238 Camulogeno
1085 1160 1220 1230 Aulerc0‚

146 1293 151 1302 ·
174 1281 210 1316 ro
223 1260 273 1336 qui
288 1277 379 1335 prope
395 1259 546 1318 confectus
561 1269 654 1319 aetate
672 1271 772 1319 tamen
785 1272 904 1337 propter
923 1260 1099 1336 singularem
1116 1259 1219 1317 scient-

222 1358 281 1415 iam
305 1358 346 1415 rei
369 1357 499 1416 militaris
524 1358 562 1417 ad
585 1377 652 1418 eum
675 1369 719 1417 est
742 1360 885 1418 honorem
910 1369 1054 1418 evocatus.
1098 1357 1128 1416 Is
1153 1375 1221 1415 cum

223 1456 472 1514 animadvertisset
492 1456 663 1533 perpetuam
684 1475 749 1515 esse
769 1457 916 1533 paludem,
938 1475 1014 1533 quae
1035 1455 1167 1514 influeret
1190 1456 1220 1512 in

224 1553 391 1630 Sequanam
408 1564 495 1630 atque
514 1555 594 1612 illum
609 1573 729 1613 omnem
746 1555 845 1614 locum
860 1573 1040 1631 magnopere
1061 1551 1220 1630 impediret,

223 1652 270 1710 hic
298 1653 430 1712 consedit
458 1663 631 1730 nostrosque
659 1655 780 1712 transitu
811 1653 964 1729 prohibere
996 1653 1124 1711 instituit.
1167 1658 1220 1712 58.

180 1767 209 1820 15
224 1751 371 1811 Labienus
393 1753 486 1828 primo
500 1753 599 1810 vineas
623 1771 717 1827 agere,
739 1753 864 1810 cratibus
885 1762 971 1827 atque
992 1769 1099 1828 aggere
1120 1752 1222 1827 palud-

224 1868 272 1909 em
301 1851 415 1926 explere
444 1860 530 1926 atque
558 1852 611 1908 iter
638 1852 750 1908 munire
783 1851 951 1908 conabatur.
1005 1848 1166 1926 Postquam
1192 1849 1223 1908 id

224 1950 365 2008 difficilius
400 1949 519 2008 confieri
556 1948 764 2018 animadvertit,
803 1949 916 2006 silentio
952 1966 969 2006 e
1004 1949 1103 2006 castris
1140 1947 1224 2006 tertia

225 2049 322 2124 vigilia
350 2067 483 2125 egressus
510 2047 624 2118 eodem,
653 2064 713 2122 quo
745 2058 870 2118 venerat,
898 2047 998 2104 itinere
1029 2045 1223 2104 Melodunum

223 2147 360 2224 pervenit.
403 2147 439 2205 ld
466 2157 510 2204 est
538 2143 680 2222 oppidum
712 2144 864 2204 Senonum
892 2146 922 2202 in
949 2145 1043 2202 insula
1071 2143 1223 2220 Sequanae

177 2247 360 2322 repositum,
388 2255 419 2302 ut
450 2245 538 2320 paulo
569 2255 635 2302 ante
667 2244 703 2300 de
735 2242 849 2300 Lutetia
880 2243 1012 2301 diximus.
1064 2242 1224 2318 Deprensis

223 2346 345 2403 navibus
369 2345 478 2402 circiter
503 2343 713 2419 quinquaginta
736 2342 922 2418 celeriterque
944 2341 1107 2400 coniunctis
1135 2351 1223 2416 atque

224 2458 261 2500 eo
289 2442 426 2500 militibus
454 2441 565 2500 iniectis
594 2451 622 2498 et
650 2441 690 2498 rei
716 2441 841 2498 novitate
873 2440 1028 2517 perterritis
1057 2439 1222 2518 oppidanis,

225 2559 349 2616 quorum
372 2559 480 2616 magna
501 2558 568 2616 pars
590 2548 650 2597 erat
674 2538 711 2597 ad
732 2539 840 2596 bellum
859 2547 986 2609 evocata,
1007 2539 1070 2596 sine
1090 2527 1224 2596 content-

224 2641 293 2698 ione
322 2640 433 2715 oppido
462 2640 577 2715 potitur.
628 2636 752 2695 Refecto
780 2647 877 2712 ponte,
907 2654 995 2712 quem
1027 2635 1225 2711 superioribus

180 2749 209 2800 ²5
224 2739 327 2798 diebus
356 2739 454 2796 hostes
485 2737 671 2803 resciderant,
698 2737 857 2793 exercitum
886 2735 1009 2794 traducit
1036 2744 1065 2793 et
1093 2736 1225 2794 secundo

224 2839 343 2897 flumine
365 2837 402 2895 ad
424 2837 567 2894 Lutetiam
589 2836 642 2891 iter
662 2832 757 2891 lacere
779 2835 884 2910 coepit.
927 2833 1037 2892 Hostes
1057 2851 1087 2891 re
1107 2833 1226 2908 cognita

225 2940 262 2997 ab
284 2939 327 3006 iis,
345 2936 395 3012 qui
416 2934 580 2992 Meloduno
598 2932 740 3006 fugerant,
759 2931 903 2990 Lutetiam
925 2933 1040 2991 incendi
1059 2943 1226 3009 pontesque
1289 2999 1291 3004 ¹

225 3040 286 3097 eius
306 3036 407 3112 oppidi
427 3033 551 3092 rescindi
570 3033 687 3098 iubent;
710 3031 765 3106 ipsi
785 3030 906 3106 profecti
926 3050 943 3089 a
963 3031 1070 3108 palude
1088 3031 1126 3089 ad
1144 3033 1227 3110 ripas
1324 3039 1325 3044 ’

227 3138 379 3215 Sequanae
401 3154 417 3192 e
439 3133 559 3206 regione
579 3130 708 3189 Lutetiae
730 3141 831 3188 contra
849 3129 970 3188 Labieni
992 3140 1086 3190 castra
1106 3131 1227 3190 consid·

180 3241 212 3307 ‘30
226 3248 286 3296 unt.
339 3242 390 3294 59.
421 3232 485 3290 Iam
507 3229 615 3289 Caesar
640 3249 657 3287 a
680 3228 826 3306 Gergovia
852 3229 1019 3296 discessisse
1044 3229 1225 3300 audiebatur,

226 3337 298 3407 iam¹
317 3336 352 3394 de
381 3333 552 3392 Aeduorum
584 3329 747 3387 defectione
778 3338 807 3386 et
839 3328 968 3386 seeundo
1000 3325 1111 3386 Galliae
1143 3337 1228 3386 motu

226 3451 358 3491 rumores
391 3431 591 3494 afferebantur,
624 3427 759 3501 Gallique
791 3427 820 3484 in
852 3425 1003 3501 colloquiis
1038 3426 1228 3485 interclusum

227 3530 327 3589 itinere
359 3541 388 3590 et
419 3529 514 3606 Ligeri
544 3526 700 3586 Caesarem
732 3527 830 3602 inopia
861 3524 997 3583 frumenti
1029 3539 1165 3586 coactum
1195 3527 1228 3585 in
