2686 3910
223 203 285 272 194
518 193 521 198 '
626 197 662 248 A.
683 199 807 250 HrRrrr
968 199 971 206 '
1147 204 1222 251 rur.

220 370 321 428 gerere
336 360 437 428 posset
445 370 453 423 ;
475 351 525 411 sed
541 361 639 410 tamen
654 371 685 411 se
700 363 871 411 contentum
886 352 948 411 fore
962 371 997 411 ea
1011 371 1117 429 poena,
1132 371 1222 430 quam

220 451 343 526 sibiipsi
358 451 579 509 contraxissent.
615 456 665 510 28.
684 450 780 510 Nocte
795 452 958 528 insequenti
973 453 1061 528 legati
1075 469 1222 527 responsa

219 549 257 607 ad
272 567 342 608 suos
356 548 490 621 referunt,
506 548 624 607 obsides
639 549 805 608 conficiunt.
842 549 1026 609 Concununt
1047 551 1222 626 reliquarum

220 648 377 708 civitatium
391 648 488 724 legati,
503 666 579 723 quae
593 647 814 706 Bellovacorum
834 649 1058 725 speculabantur
1072 660 1219 708 eventum.

191 745 348 808 50bsides
378 747 456 816 dant,
492 746 633 821 imperata
664 745 773 805 faciunt
801 757 925 823 excepto
954 747 1101 818 Commio,
1131 765 1222 824 quem

220 846 305 904 timor
325 846 498 921 prohibebat
517 845 687 920 cuiusquam
703 846 770 904 fidei
792 864 875 904 suam
893 848 1073 904 committere
1089 846 1222 904 salutem.

221 945 299 1004 Nam
329 947 477 1022 superiore
505 961 585 1002 anno
613 943 698 1002 Titus
727 944 874 1003 Labienus
910 945 1034 1003 Caesare
1062 945 1092 1001 in
1125 943 1223 1002 Gallia

220 1041 350 1103 citeriore
369 1046 413 1103 ius
436 1045 558 1112 dicente,
577 1060 644 1101 cum
666 1041 835 1102 Commium
857 1043 1046 1118 comperisset
1068 1043 1221 1100 sollicitare

221 1143 347 1202 civitates
373 1151 400 1200 et
421 1141 651 1199 coniurationem
677 1151 778 1198 contra
802 1141 959 1198 Caesarem
985 1140 1087 1211 facere,
1116 1140 1218 1198 infide-

175 1261 206 1297 ro
218 1243 327 1301 litatem
359 1241 421 1299 eius
446 1241 509 1297 sine
537 1239 595 1298 ulla
621 1239 742 1314 perfidia
769 1239 905 1298 iudicavit
938 1240 1092 1314 comprimi
1119 1257 1219 1316 posse.

222 1341 320 1413 Quem
336 1341 403 1416 quia
422 1355 482 1397 non
498 1339 686 1396 arbitrabatur
700 1348 835 1397 vocatum
850 1340 880 1395 in
896 1349 989 1396 castra
1003 1348 1163 1413 venturum,
1180 1361 1219 1400 ne

218 1439 390 1515 temptando
405 1439 564 1496 cautiorem
584 1437 697 1507 faceret,
714 1436 821 1495 Gaium
835 1436 1019 1495 Volusenum
1034 1437 1220 1509 Quadratum

218 1539 303 1608 misit,
326 1539 375 1614 qui
400 1555 467 1596 eum
488 1554 539 1612 per
561 1537 775 1594 simulationem
797 1535 933 1610 colloquii
953 1545 1065 1594 curaret
1083 1537 1218 1597 interfici·

218 1636 334 1720 endum.
377 1635 426 1694 Ad
442 1653 507 1694 eam
521 1654 583 1692 rem
598 1635 727 1693 delectos
742 1635 866 1692 idoneos
881 1635 908 1692 ei
922 1633 1007 1694 tradit
1022 1636 1217 1696 centuriones.

157 1800 161 1806 ¹
175 1743 184 1776 ¹
190 1739 203 1792 ⁵
219 1734 294 1794 Cum
312 1735 343 1792 in
357 1735 536 1810 colloquium
551 1741 670 1791 ventum
687 1742 763 1791 esset
782 1741 818 1803 et,
841 1743 872 1790 ut
889 1743 1074 1804 convenerat,
1095 1751 1218 1793 manum

219 1833 346 1892 Commii
365 1825 532 1892 Volusenus
550 1833 724 1908 arripuisset,
748 1833 877 1890 centurio
899 1833 943 1890 vel
964 1833 1078 1890 insueta
1098 1851 1129 1890 re
1151 1851 1218 1909 per-

218 1942 316 1991 motus
337 1933 380 1990 vel
402 1931 533 1990 celeriter
553 1949 571 1988 a
592 1929 778 1988 familiaribus
803 1930 966 2006 prohibitus
992 1928 1121 1990 Commii
1143 1948 1217 1990 con-

218 2029 304 2088 ficere
335 2015 485 2088 hominem
512 2047 573 2087 non
604 2030 715 2105 potuit;
751 2031 875 2104 graviter
902 2039 1001 2087 tamen
1029 2030 1126 2106 primo
1155 2029 1216 2090 ictu

217 2127 316 2204 gladio
350 2138 438 2204 caput
470 2129 618 2204 percussit.
677 2127 754 2185 Cum
787 2128 933 2204 utrimque
967 2127 1057 2203 gladii
1089 2127 1218 2187 destricti

173 2233 205 2270 ²⁰
218 2236 323 2297 essent,
339 2246 400 2286 non
422 2236 482 2284 tam
500 2225 660 2303 pugnandi,
675 2243 763 2302 quam
779 2225 948 2301 diffugiendi
962 2225 1014 2284 fuit
1028 2235 1218 2302 utrorumque

220 2326 390 2383 consilium:
425 2335 601 2394 nostrorum,
627 2324 708 2399 quod
732 2323 881 2381 mortifero
906 2324 1022 2382 vulnere
1047 2323 1219 2382 Commium

221 2423 379 2481 credebant
401 2422 545 2492 affectum,
566 2421 726 2492 Gallorum,
747 2423 827 2499 quod
846 2421 957 2488 insidiis
979 2423 1104 2498 cognitis
1125 2421 1217 2499 plura,

221 2537 310 2595 quam
332 2519 478 2591 videbant,
503 2520 738 2578 extimescebant.
782 2518 852 2589 Quo
873 2518 950 2578 facto
972 2521 1105 2579 statuisse
1126 2519 1217 2580 Com-

217 2618 293 2675 mius
315 2617 462 2676 dicebatur
476 2636 636 2694 numquam
651 2618 884 2693 inconspectum
901 2619 1072 2694 cuiusquam
1087 2617 1216 2677 Romani

174 2721 202 2773 ²5
218 2717 321 2775 venire.

259 2829 311 2881 24.
333 2821 563 2882 Bellicosissimis
585 2823 721 2899 gentibus
746 2822 863 2881 devictis
885 2821 1082 2883 Caesareum
1106 2823 1216 2883 videret

217 2921 326 2979 nullam
353 2922 411 2979 iam
436 2940 501 2981 esse
527 2922 678 2991 civitatem,
701 2940 775 2997 quae
801 2920 909 2978 bellum
933 2931 1054 2997 pararet,
1075 2937 1135 2998 quo
1160 2921 1215 2980 sibi

216 3020 368 3091 resisteret
398 3020 450 3078 sed
477 3020 633 3078 nonnullos
660 3038 697 3077 ex
725 3019 841 3095 oppidis
873 3021 1044 3095 demigrare,
1073 3039 1109 3079 ex
1137 3020 1215 3096 agris

217 3117 357 3193 diffugere
377 3109 571 3194 adpraesens
590 3118 744 3194 imperium
761 3119 937 3190 evitandum,
952 3119 1049 3202 plures
1067 3119 1098 3176 in
1117 3129 1215 3194 partes

172 3229 203 3280 ³0
217 3216 375 3274 exercitum
401 3215 544 3274 dimittere
570 3216 726 3274 constituit.
768 3215 811 3274 M.
840 3216 1002 3276 Antonium
1030 3225 1214 3294 quaestorem

216 3331 284 3372 cum
299 3314 414 3390 legione
430 3313 604 3372 duodecima
622 3315 675 3372 sibi
691 3314 851 3390 coniungit.
894 3314 927 3375 C.
943 3315 1066 3373 Fabium
1085 3315 1214 3390 legatum

216 3427 284 3467 cum
299 3411 467 3470 cohortibus
487 3427 547 3470 xxv
567 3411 651 3470 mittit
672 3412 703 3469 in
722 3411 945 3472 diversissimam
964 3422 1076 3488 partem
1090 3411 1215 3485 Galliae,

217 3508 296 3578 quod
324 3508 363 3565 ibi
392 3511 534 3585 quasdam
556 3511 683 3569 civitates
706 3510 735 3566 in
758 3512 845 3569 armis
867 3531 931 3571 esse
953 3510 1094 3582 audiebat,
1117 3529 1214 3588 neque

218 3597 251 3659 C'.
272 3603 427 3666 Caninium
447 3609 583 3668 Rebilum
603 3609 738 3684 legatum,
757 3611 806 3686 qui
827 3611 857 3668 in
879 3612 932 3672 illis
952 3611 1121 3687 regionibus
1142 3619 1214 3682 erat,
