2630 3916
187 197 230 258 42
507 247 510 254 ,
538 199 568 250 G.
589 197 684 251 rum
702 195 876 254 CAESARIS
885 209 887 214 ’
1146 199 1183 247 11.

188 347 336 424 superiore
363 355 445 423 parte
470 345 613 418 silvest-is,
639 358 671 406 ut
684 338 760 413 'non
783 347 867 412 facile
894 348 1034 412 introrsus
1058 345 1184 423 perspici

189 455 297 522 posset.
339 444 420 504 Intra
438 463 488 506 eas
507 446 591 506 silvas
607 445 708 510 hostes
726 447 756 505 in
770 446 885 506 occulto
899 461 963 508 sese
978 444 1184 518 continebam

182 545 220 604 in
240 554 343 620 aperto
365 544 433 604 loco
454 545 613 607 secundum
633 545 743 608 fiumen
763 563 875 622 paucae
895 546 1033 607 stationes
1053 543 1185 620 equitum

190 643 369 702 videbantur.
411 643 552 704 Fluminis
580 654 641 711 erat
664 643 784 704 altitudo
812 643 923 706 circiter
950 642 1060 720 pedum
1088 643 1184 704 trium.

161 745 238 804 ⁵10.
260 739 370 801 Caesar
380 742 509 820 equitatu
517 743 677 819 praemisso
686 743 915 819 subsequebatur
925 741 1061 800 omnibus
1072 741 1182 817 copiis}

189 841 242 904 sed
263 841 335 900 ratio
356 839 487 918 ordoque
507 841 632 916 agminis
653 840 734 900 aliter
754 858 786 902 se
806 840 939 912 habebat,
961 858 995 900 ac
1017 839 1125 915 Belgae
1145 838 1184 902 ad

189 939 313 1005 Nervios
340 938 508 1001 detulerant.
550 937 629 1000 Nam
649 939 730 1015 quod
750 939 789 998 ad
808 938 900 1000 hostis
921 937 1183 1015 appropinquabat,

189 1037 398 1102 consuetudine
426 1055 479 1100 sua
503 1035 611 1098 Caesar
639 1055 691 1096 sex
713 1026 849 1114 legiones¹
867 1037 1018 1114 expeditas
1042 1037 1183 1107 ducebat;

189 1145 257 1212 post
276 1153 325 1195 eas
344 1135 432 1195 totius
451 1137 592 1199 exercitus
610 1135 819 1214 impedimenta
832 1136 1004 1208 collocarat;
1028 1135 1095 1194 inde
1109 1133 1184 1196 duae

139 1247 177 1285 :10
189 1234 329 1310 legiones
357 1251 432 1310 quae
460 1252 602 1312 proxume
627 1235 809 1311 conscriptae
835 1244 926 1307 erant,
954 1243 1049 1294 totum
1077 1251 1185 1310 agmen

189 1331 363 1390 claudebant
376 1333 579 1410 praesidioque
595 1332 809 1409 impedimentis
823 1343 912 1392 erant.
953 1331 1074 1408 Equites
1093 1331 1185 1390 nostri

190 1448 258 1488 cum
292 1429 486 1491 funditoribus
521 1431 732 1508 sagittariisque
767 1430 877 1490 flumen
911 1431 1082 1506 transgressi
1115 1445 1184 1489 curn

189 1529 317 1588 hostium
337 1531 466 1605 equitatu
486 1529 629 1607 proelium
649 1531 865 1590 commiserunt
908 1529 985 1590 Cum
1002 1547 1034 1590 se
1047 1529 1087 1587 illi
1100 1529 1183 1589 iden·

188 1627 278 1686 tidem
305 1628 335 1686 in
364 1628 449 1688 silvas
473 1628 511 1688 ad
535 1646 604 1688 suos
628 1629 789 1704 reciperent
812 1619 847 1688 ac
871 1647 968 1688 mrsus
992 1647 1028 1688 ex
1055 1628 1127 1687 silva
1153 1627 1184 1688 in

146 1737 174 1786 15
189 1736 305 1786 nostros
324 1726 464 1803 impetum
478 1726 613 1799 iacerent,
628 1745 724 1804 neque
742 1727 833 1788 nostri
851 1727 975 1804 longius,
990 1743 1079 1804 quam
1095 1744 1184 1803 quem

189 1825 333 1884 adfinem
352 1836 485 1902 porrecta
502 1825 569 1887 loca
587 1835 688 1904 aperta
705 1827 895 1903 pertinebant,
915 1826 1053 1886 cedentes
1070 1824 1184 1901 insequi

115 1919 118 1924 ’
185 1923 336 1997 auderent,
355 1922 470 1984 interim
487 1924 618 2000 legiones
637 1943 697 1997 sex,
712 1944 787 2003 quae
806 1925 915 2002 primae
934 1932 1079 1994 venerant,
1095 1940 1184 1998 opere

184 2023 323 2086 ‚dimenso
343 2032 437 2084 eastra
456 2023 568 2085 munire
585 2035 752 2100 coeperunt.
793 2022 852 2084 Ubi
870 2024 964 2100 prima
977 2000 1185 2102 impedimenta

189 2121 280 2180 nostri
299 2121 442 2182 exercitus
461 2122 498 2180 ab
516 2121 559 2194 iis,
575 2124 625 2200 qui
642 2125 673 2184 in
690 2124 767 2184 silvis
780 2123 871 2184 abditi
884 2123 1019 2191 latebant,
1034 2119 1094 2178 visa
1109 2127 1185 2190 suut,

140 2247 177 2282 ao
189 2219 270 2295 quod
290 2230 405 2298 tempus
429 2220 503 2282 inter
527 2239 580 2283 eos
601 2223 801 2284 committendi
825 2221 927 2299 proelii
948 2227 1131 2289 convenerat,
1153 2225 1185 2276 ut

189 2319 264 2376 intra
285 2319 369 2378 silvas
390 2319 483 2380 aciem
504 2319 679 2398 ordinesque
700 2322 908 2382 constituerant
931 2329 1018 2395 atque
1041 2315 1096 2392 ipsi
1118 2333 1184 2382 sese

188 2415 436 2488 confirmaverant,
457 2417 553 2478 subito
573 2419 710 2480 omnibus
731 2421 823 2497 copiis
846 2418 1067 2495 provolaverunt
1090 2415 1184 2490 impe-

188 2523 308 2590 tumque
335 2516 366 2574 in
390 2525 506 2576 nostros
534 2518 645 2595 equites
668 2518 806 2578 iecerunt.
848 2517 905 2578 His
929 2515 1012 2578 facile
1035 2513 1125 2590 pulsis
1149 2533 1185 2574 ae

188 2613 363 2690 proturbatis
388 2614 549 2676 incredibili
576 2615 722 2678 celeritate
751 2617 789 2676 ad
813 2615 923 2676 flumen
950 2615 1185 2684 decucurrerunt,

146 2737 175 2786 25
188 2722 220 2770 ut
240 2730 333 2788 paene
352 2730 412 2772 uno
431 2722 563 2789 tempore
582 2724 611 2775 et
631 2715 669 2777 ad
690 2715 775 2776 silvas
793 2724 822 2774 et
840 2714 870 2774 in
890 2713 1010 2773 flumine
1029 2721 1058 2770 et
1076 2711 1135 2769 iam
1153 2711 1185 2771 in

188 2811 323 2869 manibus
343 2812 450 2874 nostris
467 2812 568 2873 hostes
588 2813 759 2875 viderentur.
802 2813 915 2874 Eadem
929 2821 1026 2871 autem
1039 2809 1185 2870 celeritate

189 2908 311 2976 adverso
339 2910 412 2972 colle
439 2910 478 2972 ad
504 2921 605 2972 nostra
632 2921 725 2976 castra
752 2922 839 2987 atque
866 2929 927 2982 eos,
954 2910 1005 2986 qui
1036 2910 1067 2970 in
1095 2925 1185 2985 opere

189 3009 324 3084 occupati
357 3019 447 3080 erant,
483 3010 703 3072 contenderunt.
759 3016 812 3073 20.
838 3008 956 3071 Caesari
989 3008 1090 3068 omnia
1124 3024 1186 3066 uno

190 3118 321 3183 tempore
345 3117 426 3166 erant
447 3107 577 3184 agenda:
605 3108 740 3172 vexillum
764 3107 998 3186 proponendum,
1019 3105 1102 3182 quqd
1126 3115 1187 3164 erat

145 3206 303 3281 gokiusigne
331 3225 400 3268 cum
429 3207 467 3268 ad
497 3225 578 3268 arma
612 3209 745 3268 concurri
777 3216 932 3282 oporteret,
964 3205 1081 3280 signum
1116 3206 1188 3266 tuba

190 3303 329 3376 dandum,
361 3305 399 3363 ab
429 3323 517 3380 opere
548 3306 703 3367 revocandi
732 3305 836 3366 milites
866 3305 917 3382 qui
946 3303 1035 3380 paulo
1068 3303 1188 3378 longius

190 3404 304 3476 aggeris
331 3403 450 3480 petendi
477 3423 566 3466 causa
595 3415 806 3481 processerant,
834 3403 1007 3473 arcessendi,
1036 3403 1114 3460 acies
1143 3402 1188 3462 in-

191 3501 336 3571 struenda,
371 3501 474 3565 milites
508 3503 688 3576 cohortandi,
719 3504 836 3580 signum
871 3502 1008 3586 dandum.
1050 3499 1188 3576 Quarum
