2650 3918
198 151 239 218 88
445 225 448 232 ,
545 171 695 222 arrrrrr
716 169 890 222 crasrnrs
1124 185 1131 204 ι
1161 173 1192 218 r.

195 318 313 378 navium
338 320 513 397 perterritae,
538 339 613 400 quae
640 341 708 382 cum
735 272 880 381 arinotliris
907 320 1093 399 privatisque,
1119 336 1193 396 quas

195 418 241 477 sui
255 419 379 495 quisque
394 421 543 480 commodi
561 421 677 494 fecerat,
692 421 816 496 amplius
834 420 1019 496 octingentae
1032 417 1093 476 un‘d
1110 421 1193 476 erant

194 515 272 576 visae
289 527 431 601 tempore,
449 519 566 579 alitore
584 519 778 614 discesserant
799 537 833 577 ac
855 537 886 578 se
905 519 936 576 in
957 517 1107 594 superiora
1127 516 1193 574 loca

195 615 373 675 abdiderant
416 623 447 676 ιι.
470 616 580 676 Caesar
607 589 742 693 expd'sitb
772 617 900 676 exercitu
932 625 961 674 et
992 616 1059 674 loco
1091 615 1193 674 castris

167 713 303 781 sidoneo
324 726 420 791 capt0‚
440 715 491 774 ubi
516 734 552 774 ex
576 716 696 810 captivis
721 716 867 791 cognovit,
889 732 949 790 quo
974 714 1005 771 in
1029 713 1098 772 loco
1122 713 1193 772 hos·

194 812 266 870 tium
291 814 394 890 copiae
416 814 625 885 consedissent,
635 814 815 895 cohortibus
836 832 855 871 x
856 802 914 871 ad
934 831 1013 871 mare
1035 812 1139 870 relictis
1163 820 1193 869 et

194 912 339 988 equitibus
361 929 423 984 ccc,
441 913 491 988 qui
512 912 657 988 praesidio
675 912 796 1006 navibqs
816 921 923 984 essent,
931 911 977 992 de
994 912 1078 970 tertia
1096 909 1194 985 vigilia

194 1010 232 1070 ad
258 1009 358 1070 hostes
386 1011 535 1069 contendit
562 1028 600 1069 eo
628 1012 725 1070 minus
753 1011 859 1069 veritus
881 969 1031 1082 tla'iribus',
1053 1009 1168 1086 quod
1161 1029 1193 1068 ιιι

194 1108 277 1186 litore
304 1097 384 1167 miilli
412 1119 499 1185 atque
527 1119 627 1185 aperto
656 1109 796 1185 deligatas
823 1109 862 1168 ad
884 1127 1024 1168 ancoram
1048 1109 1193 1184 relinque-

152 1221 183 1256 10
194 1209 253 1279 bat,
275 1217 303 1266 et
323 1207 468 1283 praesidio
487 1209 609 1267 navibus
633 1207 778 1280 Quintum
798 1207 913 1266 Atrium
934 1206 1081 1289 praefecit.
1124 1206 1194 1284 Ipse

195 1317 283 1366 noctu
304 1325 475 1384 progressus
495 1308 575 1366 milia
591 1325 732 1384 passuum
748 1307 860 1366 circiter
876 1302 1070 1390 xrrthqstium
1091 1307 1193 1384 copias

196 1407 386 1482 conspicatus
417 1391 488 1466 est‘''
512 1407 557 1466 Illi
584 1408 714 1483 equitatu
746 1416 833 1482 atque
850 1393 976 1465 'e's's‘e'dis
1009 1407 1048 1465 ad
1081 1405 1193 1464 flumen
1300 1399 1304 1410 ¹

196 1506 342 1584 progressi
363 1524 400 1563 ex
424 1506 491 1565 loco
512 1506 661 1583 superiore
682 1515 799 1564 nostros
823 1503 976 1580 prohibere
998 1514 1026 1564 et
1050 1505 1193 1582 proelium

196 1603 377 1663 committere
405 1615 573 1682 coeperunt.
625 1603 747 1680 Repulsi
775 1605 812 1684 ab
840 1605 969 1680 equitatu
995 1622 1026 1664 se
1053 1605 1084 1661 in
1109 1603 1194 1662 silvas

135 1707 182 1787 '15
196 1702 369 1762 abdiderunt
390 1703 488 1761 locum
509 1703 606 1761 nancti
627 1686 744 1778 egi‘dgie
756 1693 793 1760 'et
813 1711 917 1760 natura
937 1712 966 1760 et
986 1720 1075 1779 opere
1097 1703 1193 1760 muni-

196 1811 267 1872 tum,
289 1820 379 1878 quem
400 1801 553 1860 domestici
573 1799 648 1872 belli,
670 1808 703 1860 ut
726 1799 906 1872 videbantur,
929 1819 1018 1860 causa
1042 1801 1101 1858 iarn
1125 1809 1195 1860 ante

196 1908 455 1977 praeparaverant:
497 1917 566 1956 nam
601 1897 708 1957 crebris
746 1898 899 1956 arboribus
935 1899 1054 1964 succisis
1088 1917 1194 1958 omnes

196 2001 331 2058 introitus
352 2006 434 2057 erant
455 1997 606 2075 praeclusi.
649 1996 710 2072 Ipsi
730 2015 768 2055 ex
793 1997 869 2056 silvis
889 1997 945 2056 rari
967 1983 1195 2074 propugnabant

197 2107 371 2175 nostrosque
413 2099 488 2156 intra
528 2096 705 2154 munitiones
746 2095 859 2172 ingredi
900 2096 1101 2173 prohibebant.
1154 2098 1195 2155 At

153 2219 184 2256 ιο
197 2198 301 2256 milites
335 2196 475 2272 legionis,
495 2195 634 2271 septimae
669 2195 813 2256 testudine
847 2194 924 2254 facta
958 2205 987 2254 et
1020 2214 1127 2272 aggere
1156 2196 1195 2256 ad

199 2296 378 2354 munitiones
399 2295 514 2353 adiecto
536 2292 634 2352 locum
655 2302 795 2369 ceperunt
816 2311 926 2370 eosque
948 2313 984 2354 err
1006 2295 1082 2354 silvis
1102 2313 1196 2372 expu-

198 2394 292 2455 lerunt
313 2392 415 2468 paucis
440 2391 605 2450 vulneribus
628 2393 764 2479 acceptis
811 2392 871 2451 Sed
891 2411 942 2456 eos
967 2393 1109 2470 fugientes
1131 2394 1196 2454 lon-

197 2490 263 2566 gius
289 2488 398 2549 Caesar
425 2489 564 2564 prosequi
586 2489 684 2561 vetuit,
664 2499 741 2549 tet
705 2491 846 2601 *quod
870 2491 928 2550 loci
952 2503 1084 2551 naturam
1109 2493 1196 2569 igno·

197 2590 287 2660 rabat,
309 2598 337 2648 et
358 2587 438 2664 quod
461 2606 569 2664 magna
588 2598 669 2664 parte
694 2564 755 2649 drer
771 2599 949 2686 consumpta
969 2591 1124 2675 munitioni
1146 2610 1196 2651 ca·

154 2704 184 2754 25
198 2699 323 2748 strorum
350 2696 464 2763 tempus
492 2686 616 2763 relinqui
639 2686 764 2746 volebat.
785 2693 855 2748 10.
877 2659 1020 2749 Postridie
1047 2691 1109 2749 eius
1137 2691 1197 2750 diei

198 2806 285 2846 mane
306 2786 445 2862 tripertito
463 2785 567 2845 milites
588 2786 758 2863 equitesque
777 2786 807 2845 in
826 2772 1042 2863 expeditionem
1060 2789 1145 2860 misit,
1163 2801 1196 2848 ut

198 2905 259 2957 eos,
281 2885 331 2963 qui
350 2885 493 2961 fugerant,
514 2894 762 2987 persequerentur.
804 2885 862 2944 His
887 2887 1066 2978 aliquantum
1086 2889 1196 2948 itineris

198 2983 370 3064 progressis,
389 3001 456 3042 cum
473 2984 531 3042 iam
539 2966 669 3044 extremi
689 2993 787 3043 essent
806 2985 836 3043 in
857 2992 1035 3062 prospectu,
1045 2983 1196 3062 equitesa

200 3083 312 3156 Quinto
337 3083 419 3142 Atrio
447 3085 485 3144 ad
514 3083 672 3145 Caesarem
699 3091 849 3155 venerunt,
875 3085 925 3159 qui
953 3085 1118 3144 nuntiarent
1147 3103 1196 3145 su-

155 3196 186 3246 30
199 3183 314 3260 periore
328 3192 414 3242 nocte
425 3199 562 3240 maxuma
576 3192 678 3240 coorta
692 3190 864 3257 tempestate
879 3200 972 3259 prope
987 3201 1092 3242 omnes
1105 3201 1196 3244 naves

199 3281 318 3342 afflictas
343 3290 429 3356 atque
454 3280 485 3337 in
508 3280 589 3346 litore
612 3280 717 3339 eiectas
746 3298 818 3351 esse,
844 3281 925 3356 quod
947 3297 1043 3358 neque
1069 3301 1196 3344 ancorae

199 3367 341 3456 fulicisque
369 3369 564 3450 subsisterent,
590 3396 685 3454 neque
712 3388 817 3437 nautae
846 3379 1112 3456 gubernatoresque
1136 3381 1196 3440 vim

200 3477 377 3550 tempestatis
405 3477 463 3554 pati
488 3486 625 3553 possent:
657 3479 754 3554 itaque
782 3495 819 3536 ex
846 3494 882 3537 eo
905 3495 1050 3536 concursu
1077 3480 1195 3540 navium

1316 231 1318 328 l
