2630 3916
229 12 250 36 ·-
275 0 358 31 Π-
430 1 434 4 ,

129 178 266 259 14-16.
379 191 426 240 ur
446 193 564 242 antro
579 192 737 256 <satanico¹
754 191 864 242 comm
887 193 912 241 1.
1101 197 1119 261 9

578 271 594 319 't
626 259 725 346 W!
822 264 825 270 '

124 361 200 420 quae
228 343 426 420 polliceantur,
447 343 575 404 facturos
596 343 751 421 intellegat,
772 353 802 402 et
830 345 852 403 si
873 343 983 404 Aeduis
1012 341 1048 401 de
1075 342 1120 400 ine

124 442 213 515 iuriis,
235 459 308 520 quas
329 444 401 520 ipsis
425 443 571 521 sociisque
594 461 696 504 comm
720 443 875 514 intulerint,
896 443 967 501 item
990 442 1014 500 si
1038 441 1120 500 Allo·
1159 486 1236 526 Ὗ.

124 542 265 618 brogibus
294 539 437 602 satisfacta
459 553 479 614 t,
501 561 567 602 sese
592 533 660 625 cum
688 542 721 601 iis
746 559 850 619 pacem
875 559 940 614 esse
968 535 1127 600 iacturumt'
1155 527 1202 572 γ’

125 639 230 702 Divico
251 562 485 728 respondittffta
507 641 660 701 Helvetios
681 661 698 700 a
716 641 875 701 maioribus
894 640 953 698 suis
974 639 1120 706 institutos

125 757 198 812 esse,
223 741 265 800 uti
291 741 409 800 obsides
437 741 577 817 accipere,
599 755 660 800 non
689 740 757 800 dare
785 739 968 798 consuerint:
990 739 1051 797 eius
1079 739 1148 796 reis
1309 813 1310 816 Ἴ

125 839 267 916 populum
288 839 458 900 Romanum
479 847 544 900 esse
564 818 768 936 testeusplb,
797 837 867 897 Hoc
881 855 1029 914 responso
1051 838 1120 898 dato
1177 877 1269 938 ω’.

10 941 16 950 “
126 938 265 997 discessit.
306 938 428 1000 Postero
457 939 503 998 die
530 949 624 1000 castra
651 958 688 1000 ex
716 953 753 998 eo
778 938 844 996 loco
858 946 993 1002 movent.
1036 937 1121 996 Idem
1189 924 1227 970 f
1261 923 1310 952 ''''

91 1051 95 1060 ’
126 1035 193 1096 facit
217 1035 327 1098 Caesar
347 1039 564 1115 equitatumque
589 1051 709 1098 omnent
738 1037 957 1096 adnumerum
986 1046 1120 1116 quattuor

125 1135 244 1208 milium,
265 1152 353 1213 quem
375 1155 410 1195 ex
431 1137 516 1196 omni
535 1137 684 1213 provincia
710 1146 739 1196 et
766 1135 876 1196 Aeduis
903 1144 990 1212 atque
1018 1154 1120 1196 eorum

49 1233 58 1244 '
126 1235 212 1294 sociis
240 1231 376 1297 coaeum
403 1211 537 1308 habebat,
565 1235 730 1312 praemittit,
759 1229 808 1312 qui
836 1215 967 1350 vippppt'
990 1251 1062 1312 quas
1089 1235 1119 1294 in
1135 1261 1165 1298 10

121 1321 221 1410 'partes
235 1334 335 1394 hostes
348 1335 401 1393 iter
415 1314 541 1394 iaciant.z
572 1333 632 1406 Qui
650 1333 783 1409 cupidius
801 1333 991 1392 nomssimum
1013 1351 1120 1410 agmen

125 1431 244 1496 insecuti
272 1433 367 1492 alieno
394 1432 461 1492 loco
494 1451 562 1492 cum
593 1431 721 1510 equitatu
748 1430 950 1490 Helvetiorum
977 1434 1120 1508 proelium

126 1531 325 1602 committunt;
348 1541 377 1590 et
394 1531 479 1608 pauci
498 1531 536 1590 de
555 1531 662 1590 nostris
681 1515 825 1610 caduntss'l
842 1529 911 1601 Qu‘o
926 1531 1038 1606 proelio
1052 1533 1120 1592 sub-

125 1627 171 1686 lati
199 1627 334 1700 Helvetii,
363 1629 444 1706 quod
471 1629 637 1706 quingentis
661 1628 807 1705 equitibus
828 1636 940 1688 tantam
960 1631 1119 1690 multitudi-

125 1743 192 1788 nem
210 1727 342 1804 equitum
363 1727 558 1804 propulerant,
574 1727 712 1786 audacius
726 1705 881 1786 subsislt're
895 1745 1119 1806 nonnumquam
1137 1756 1163 1804 15

125 1833 151 1884 et
170 1826 332 1888 novissimo
359 1827 476 1902 agmine
498 1826 610 1902 proelio
638 1835 754 1890 nostros
782 1827 923 1886 lacessere
952 1839 1119 1904 coeperunt.

13 1961 15 1966 ,
124 1922 231 1984 Caesar
251 1941 321 1986 suos
345 1943 364 1984 a
382 1925 493 2002 proelio
513 1925 680 1984 continebat
702 1943 736 1984 ae
753 1918 822 1984 salis
841 1925 967 1984 habebat
987 1927 1017 1984 in
1037 1945 1120 2003 prae·

124 2023 215 2083 sentia
247 2021 363 2085 hostem
400 2023 517 2099 rapinis,
537 2023 786 2098 pabulationibus
823 2023 1119 2100 populationibusque

124 2121 284 2196 prohibere.
302 2099 371 2230 (Ita
385 2122 447 2182 dies
462 2121 573 2180 circiter
587 2121 755 2197 quindecim
770 2119 975 2191 iterfecerunt,
990 2123 1031 2180 uti
1045 2124 1119 2180 inter

121 2219 312 2278 novissimum
325 2219 453 2278 hostium
467 2237 575 2295 agmen
588 2227 618 2276 et
631 2219 763 2278 nostmm
778 2219 904 2295 primunr
919 2235 980 2278 non
994 2221 1120 2297 amplius
1134 2246 1164 2282 rc

122 2319 217 2395 quinis
250 2328 299 2378 aut
324 2321 401 2378 senis
426 2319 542 2378 milibus
571 2317 730 2376 interesset
786 2321 834 2376 16.
860 2317 981 2376 Interim
1013 2319 1119 2380 cotidie

121 2413 230 2476 Caesar
243 2416 366 2478 Aeduos
387 2405 574 2490 frumentum,
584 2394 669 2492 ¹quod
683 2426 780 2475 essent
795 2389 910 2493 puffii'ce
925 2418 1051 2493 polliciti,
1067 2419 1119 2478 fla-

120 2514 233 2590 gitare?
256 2515 336 2578 Nam
345 2525 464 2594 propter
474 2514 591 2591 frigora,
601 2511 683 2591 quod
693 2512 787 2574 Gallia
797 2517 851 2574 sub
863 2517 1118 2592 septentrionibus,

118 2621 151 2673 ut
167 2622 234 2676 aute
256 2613 366 2675 dictum
384 2623 437 2686 est,
451 2614 546 2690 posita
565 2621 617 2684 est,
637 2631 699 2670 non
716 2614 807 2673 modo
829 2613 973 2674 frumenta
991 2615 1022 2672 in
1041 2617 1117 2692 agris

85 2696 89 2702 ⁵
117 2719 232 2771 matura
262 2729 324 2770 non
358 2721 448 2784 erant,
464 2687 530 2805 [sed
564 2729 602 2770 ne
634 2712 734 2787 pabuli
762 2711 880 2790 quidem
909 2714 976 2772 satis
1008 2731 1116 2800 magna
1132 2737 1161 2786 ²5

117 2809 205 2884 copia
227 2811 418 2904 suppetebat:
441 2828 478 2870 eo
501 2819 598 2870 autem
615 2807 771 2882 frumento,
792 2811 873 2888 quod
890 2809 1008 2868 flumine
1025 2811 1116 2870 Arare

41 2931 43 2936 ’
98 2907 240 2968 ῖηανὶϋιιε
254 2893 441 2980 subvexerat,
463 2918 618 2986 propteroa
641 2908 738 2968 minus
758 2911 799 2968 uti
816 2919 937 2985 poterat,
959 2911 1039 2986 quod
1063 2911 1116 2970 iter

116 3005 155 3067 ab
175 3004 266 3064 Arare
295 3006 421 3065 Helvetii
442 3017 610 3078 averterant,
638 3009 785 3084 aquibus
813 3008 961 3068 discedere
989 3010 1138 3069 nolebat.¹

114 3101 205 3170 Diem
232 3121 269 3166 ex
296 3104 345 3164 die
373 3087 488 3164 ducere*
504 3106 615 3164 Aedui:
644 3106 776 3179 conferri,
798 3108 983 3183 comportari,
1013 3108 1115 3166 adesse

115 3191 223 3262 dicere.
265 3199 324 3263 Ubi
346 3221 386 3268 se¹
397 3204 506 3274 diutius
527 3204 592 3264 duci
614 3205 753 3264 intellexit
774 3214 803 3264 et
824 3205 901 3264 diem
922 3205 1036 3274 instare,
1055 3221 1114 3278 quo
1129 3225 1160 3274 30

16 3294 19 3301 ’
116 3297 358 3364 die‘frumentum
376 3293 515 3366 'militibus
537 3304 631 3362 metiri
650 3313 806 3382 oporteret,
824 3304 992 3364 convocatis
1013 3319 1115 3362 eorum

114 3402 304 3480 principibus,
330 3419 455 3478 quorum
482 3421 622 3480 magnam
649 3403 765 3480 copiam
794 3406 824 3462 in
852 3402 952 3462 castris
980 3401 1115 3474 habebat,

116 3499 145 3560 in
173 3501 220 3568 hie
249 3499 393 3565 Divitiaco
421 3512 450 3564 et
477 3501 573 3576 Lisc0,
603 3502 654 3583 qui
682 3520 798 3561 summo
825 3501 1004 3577 magistratui
1031 3517 1114 3577 prae-
