2650 3918
133 191 271 276 16-19.
371 204 416 251 na
438 198 932 252 astso'carrrcocoirrr.1t¹.
1086 201 1126 272 73
1154 163 1156 166 .

128 350 259 434 instituit
302 353 400 430 Tigna
409 355 479 413 bina
493 351 705 432 sesquipedalia
717 354 836 431 paulum
847 355 906 413 ab
898 372 959 413 uno
973 364 1128 430 praeacuta

128 453 262 512 dimensa
283 455 322 512 ad
343 454 523 513 altitudinem
543 454 670 513 fluminis
696 453 844 512 intervallo
870 453 979 529 pedum
1003 452 1126 511 duorum

127 552 203 611 inter
224 571 256 611 se
277 552 438 629 iungebatq
466 553 552 612 Haec
573 571 641 610 cum
662 551 925 610 machinationibus
945 552 1076 610 immissa
1096 552 1127 608 in
1154 592 1158 606 .

128 649 238 709 flumen
263 651 401 709 defixerat
425 651 592 727 fistucisque
620 651 766 726 adegerat,
789 668 852 708 non
881 650 1008 708 sublicae
1035 649 1126 708 modo

77 757 82 766 '
128 749 235 808 directe
255 749 292 807 ad
311 749 558 825 perpendiculum,
578 749 630 808 sed
648 767 741 825 prone
761 767 797 808 ac
815 748 957 824 fastigate,
974 758 1005 807 ut
1022 748 1154 811 secun-'5

128 846 199 906 dum
214 857 346 907 naturam
361 848 488 906 fluminis
507 849 743 925 procumberent,
758 848 802 907 his
818 849 889 907 item
903 849 1046 906 contraria
1066 847 1125 905 duo

127 947 166 1005 ad
177 947 305 1006 eundem
324 947 450 1006 modum
477 948 575 1006 iuncta
601 948 749 1006 intervallo
774 947 883 1023 pedum
907 945 1125 1022 quadragenum

128 1045 166 1103 ab
185 1045 322 1104 inferiore
341 1055 422 1122 parte
442 1055 544 1104 contra
565 1046 622 1104 vim
641 1056 728 1122 atque
749 1047 892 1122 impetum
908 1045 1034 1103 fluminis
1054 1063 1125 1104 con·

127 1161 210 1210 versa
224 1145 376 1202 statuebat.
420 1143 504 1202 Haec
523 1155 644 1220 utraque
663 1145 783 1221 insuper
801 1144 983 1221 bipedalibus
998 1145 1125 1202 trabibus

127 1242 273 1314 immissis,
293 1251 434 1328 quaqtum
450 1254 556 1300 ‘eorum
578 1244 725 1319 tignorum
746 1244 878 1303 iunctura
897 1244 1029 1313 distabat,
1049 1242 1125 1300 binis
1141 1255 1171 1290 10

126 1342 272 1418 utrimque
300 1304 394 1400 fihuiis
422 1342 460 1399 ab
488 1351 618 1400 extrema
644 1351 725 1418 parte
757 1342 984 1414 distinebantur3
1019 1341 1125 1418 quibus

127 1439 260 1500 disclusis
288 1449 375 1515 atque
403 1440 434 1497 in
458 1441 633 1498 contrariam
658 1450 771 1517 partem
798 1442 932 1500 revinctis
956 1451 1038 1500 tanta
1065 1451 1126 1499 erat

127 1539 225 1616 operis
246 1538 392 1597 firmitudo
414 1547 501 1615 atque
522 1556 557 1598 ea
577 1557 673 1598 rerum
694 1550 806 1611 natura,
827 1550 867 1611 ut,
889 1559 948 1617 quo
970 1542 1062 1599 maior
1083 1541 1124 1598 vis

127 1655 221 1714 aquae
244 1655 274 1696 se
299 1636 482 1707 incitavisset,
505 1636 562 1696 hoc
583 1638 671 1696 artius
695 1638 803 1715 illigata
823 1648 996 1698 tenerentur.
1039 1636 1124 1696 Haec

127 1735 237 1794 directa
249 1737 368 1794 materia
378 1736 485 1795 iniecta
495 1737 725 1795 contexebantur
739 1755 774 1795 ac
787 1736 927 1813 longuriis
942 1737 1124 1812 cratibusque
1141 1753 1168 1802 15
1219 1739 1222 1744 ’

126 1836 406 1908 constemebantur3
427 1853 462 1893 ac
481 1835 572 1894 nihilo
592 1836 685 1894 secius
705 1836 832 1895 sublicae
853 1846 882 1895 et
901 1837 938 1894 ad
958 1835 1125 1894 inferiorem

125 1943 240 2009 partem
267 1933 394 1992 fluminis
422 1933 540 2010 oblique
566 1934 735 2011 agebantur,
760 1934 835 2010 quae
859 1953 913 2011 pro
941 1935 1028 1994 ariete
1057 1935 1125 1992 sub-

125 2031 218 2089 iectae
233 2040 339 2090 etcum
354 2032 435 2090 omni
450 2050 539 2108 opere
554 2033 726 2091 coniunctae
740 2033 798 2090 vim
809 2033 935 2090 fluminis
950 2033 1125 2108 exciperent,

27 2159 28 2162 ¹
126 2138 155 2187 et
175 2129 248 2188 aliae
267 2131 336 2189 item
357 2149 457 2234 supra
461 2141 584 2242 pontem
603 2130 743 2188 mediocri
762 2131 865 2206 spatio,
884 2140 924 2201 ut,
944 2131 968 2188 si
988 2132 1124 2189 arborum

125 2229 219 2287 trunci
239 2229 298 2288 sive
317 2249 405 2288 naves
427 2188 571 2288 deicie'ndi
589 2229 686 2305 operis
707 2237 807 2287 essent
826 2247 843 2287 a
795 2229 991 2288 barbaris
1010 2229 1124 2300 missae,
1140 2255 1171 2289 20

125 2325 171 2384 his
200 2326 402 2387 defensoribus
429 2346 530 2387 earum
557 2346 652 2386 rerum
680 2328 723 2386 vis
750 2328 936 2398 minueretur,
960 2343 1023 2386 neu
1042 2329 1126 2404 ponti

67 2418 73 2430 ‘
126 2436 276 2485 nocerent.
318 2433 366 2486 18.
388 2426 499 2486 Diebus
523 2427 635 2498 decern,
661 2428 766 2505 quibus
791 2427 912 2486 materia
936 2435 1041 2504 coepta
1065 2439 1125 2486 erat

126 2525 312 2600 comportari,
327 2526 408 2584 omni
423 2543 512 2603 opere
530 2526 634 2586 effecto
652 2527 794 2585 exercitus
810 2527 973 2586 traducitur.
1017 2526 1125 2586 Caesar

125 2623 163 2682 ad
184 2633 337 2700 utramque
357 2634 469 2700 partem
489 2627 588 2702 pontis
609 2627 693 2684 firmo
715 2626 858 2703 praesidio
879 2627 978 2685 relicto
1000 2627 1029 2684 in
1050 2627 1124 2686 fines

126 2720 357 2798 Sugambrorum
372 2722 528 2782 contendit.
570 2723 691 2782 Interim
711 2743 728 2782 a
747 2724 943 2800 compluribus
963 2725 1124 2784 civitatibus
1140 2748 1169 2798 ²5

125 2819 164 2878 ad
196 2837 264 2876 eum
295 2819 382 2896 legati
412 2821 548 2894 veniunt;
584 2823 688 2898 quibus
719 2840 823 2899 pacem
855 2833 941 2900 atque
969 2825 1124 2882 amicitiam

125 2917 292 2992 petentibus
323 2918 474 2977 liberaliter
504 2919 655 2996 respondit
686 2920 863 2998 obsidesque
894 2923 932 2982 ad
959 2941 990 2982 se
1018 2923 1124 2982 adduci

67 3075 72 3086 ‚
124 3014 213 3074 iubet.
258 3015 412 3091 Sugambri
431 3035 468 3076 ex
487 3037 523 3076 eo
543 3028 684 3095 tempore,
702 3039 761 3096 quo
779 3039 855 3097 pons
874 3021 983 3080 institui
1003 3033 1123 3097 coeptus

126 3126 178 3186 est,
193 3115 264 3193 luga
283 3128 453 3194 comparata
466 3118 648 3179 hortantibus
666 3121 709 3190 iis,
724 3138 799 3196 quos
818 3141 854 3179 ex
870 3121 1022 3182 Tencteris
1036 3132 1122 3197 atque

125 3213 295 3291 Usipetibus
309 3215 388 3291 apud
405 3235 437 3274 se
451 3216 607 3290 habebant,
622 3219 727 3278 finibus
742 3219 802 3279 suis
816 3230 1000 3280 excesserant
1014 3237 1123 3295 suaque
1138 3241 1177 3289 30*
1251 3297 1253 3302 Ι

125 3314 227 3372 omnia
235 3321 456 3390 exportaverant
467 3333 556 3391 seque
567 3317 597 3374 in
608 3318 795 3377 solitudinem
803 3337 838 3377 ac
849 3320 933 3378 silvas
945 3319 1122 3378 abdiderant.

89 3421 91 3426 ’
125 3418 174 3472 19.
197 3412 308 3472 Caesar
329 3431 439 3488 paucos
461 3413 522 3472 dies
543 3414 574 3472 in
595 3433 695 3474 eorum
714 3417 820 3475 finibus
839 3426 967 3475 moratus
986 3415 1123 3476 omnibus

125 3512 195 3571 vicis
215 3511 413 3588 aedificiisque
434 3512 560 3572 incensis
578 3513 787 3592 frumentisque
808 3514 926 3572 succisis
946 3517 977 3572 se
999 3514 1030 3572 in
1049 3514 1123 3574 fines
