2650 3918
214 207 256 285 84
536 223 565 274 o.
587 220 681 270 ruarr
703 218 875 270 cassatus
1176 221 1209 267 v.

213 370 262 448 qui
289 369 413 430 doceant
440 371 510 431 nihil
537 391 636 431 earum
663 389 762 430 rerum
789 370 907 447 publico
936 367 1044 427 factum
1076 368 1209 439 consilio,

212 487 334 545 seseque
358 480 475 546 paratos
500 489 564 530 esse
589 471 790 529 demonstrant
816 469 955 527 omnibus
980 468 1142 526 rationibus
1169 467 1208 526 de

210 568 319 626 iniuriis
334 569 508 628 satisfacere.
549 568 690 644 Percepta
702 569 834 627 oratione
848 583 951 625 eorum
965 565 1075 624 Caesar
1089 565 1209 625 obsides

211 665 333 743 imperat
367 686 477 744 eosque
506 667 544 726 ad
570 676 680 726 certam
707 667 786 725 diem
813 665 917 724 adduci
944 667 1045 738 iubet,·
1079 665 1134 724 nisi
1167 665 1209 722 ita

158 787 168 799 ·
186 762 424 836 5feceriut„sese
442 765 520 829 bello
538 765 681 824 civitatem
698 774 917 840 persecuturum
936 764 1125 823 demonstrat.
1167 762 1209 821 lis
1304 775 1306 781 '

212 862 249 922 ad
264 863 341 921 diem
355 865 496 935 adductis
513 873 546 922 ut
559 864 755 940 imperaverat,
774 863 896 921 arbitros
914 863 986 920 inter
1001 863 1130 921 civitates
1148 861 1208 934 dat,

212 962 262 1038 qui
275 962 355 1020 litem
369 963 521 1020 aestiment
535 980 720 1038 poenamque
735 962 921 1020 constituant.
1134 1021 1138 1027 ,

261 1065 290 1118 2.
313 1059 369 1118 His
411 1059 552 1120 confectis
593 1062 680 1119 rebus
709 1061 970 1135 ¹conventibusque
1011 1049 1136 1134 peractis
1175 1056 1207 1118 in

211 1159 372 1217 citeriorem
394 1158 519 1218 Galliam
539 1161 687 1219 revertitur
707 1165 794 1235 atque
814 1159 883 1216 inde
904 1157 940 1216 ad
961 1159 1118 1216 exercitum
1139 1174 1207 1232 pro·

169 1274 200 1309 10
211 1257 355 1315 ficiscitur.
396 1257 442 1315 Eo
463 1276 532 1316 cum
547 1259 681 1330 venisset,
698 1258 823 1326 circuitis
845 1257 982 1322 omnibus
1001 1257 1129 1315 hibernis
1148 1257 1208 1314 sin-

211 1355 303 1432 gulari
334 1355 456 1413 militum
488 1343 589 1416 studio·
616 1357 646 1415 in
675 1373 790 1414 summa
807 1356 949 1413 omnium
976 1373 1073 1413 rerum
1105 1355 1209 1430 inopia

213 1454 323 1512 circiter
343 1457 572 1514 sexcentas-eius
589 1455 712 1532 generis,
730 1455 811 1514 cuius
831 1473 919 1532 supra
938 1453 1207 1536 demonstravimus

212 1557 303 1611 na'ves
332 1538 360 1611 et
387 1544 490 1630 longas
518 1572 614 1613 xxvrrr
641 1555 751 1624 invenit
777 1554 932 1612 instructas
960 1571 1056 1629 neque
1084 1551 1208 1610 multum

214 1652 315 1710 abesse
343 1653 381 1710 ab
409 1671 455 1724 eo,
481 1655 551 1730 quin
579 1653 679 1730 paucis
708 1653 810 1712 diebus
839 1651 945 1711 deduci
972 1651 1095 1728 possint.
1137 1649 1208 1709 Col-

173 1749 335 1810 retrudatis
360 1751 499 1810 militibus
524 1761 611 1829 atque
635 1752 680 1824 iis,
704 1750 753 1828 qui
774 1751 894 1826 negotio
919 1748 1112 1827 praefuerant,
1137 1749 1209 1824 quid

213 1848 274 1906 fieri
293 1848 371 1920 velit,
388 1850 515 1908 ostendit
535 1858 622 1927 atque
637 1857 740 1909 omnes
760 1851 798 1908 ad
816 1857 933 1924 portum
947 1846 1034 1905 Itium
1053 1847 1209 1906 convenire

213 1947 301 2019 iubet,
342 1966 403 2025 quo
441 1951 485 2007 ex'
519 1959 606 2025 portu
646 1948 919 2034 commodissimum
956 1947 987 2005 in
1027 1944 1210 2006 Britanniam

172 2086 174 2090 ,
214 2047 364 2105 traiectum
388 2065 452 2106 esse
477 2057 662 2124 cognoverat·²
684 2047 796 2106 circiter
817 2047 929 2104 milium
950 2061 1089 2121 passuum
1109 2062 1170 2102 xxx
1191 2063 1211 2102 a
1254 2101 1257 2106 .

214 2145 391 2203 continenti:
427 2145 494 2204 huic
521 2146 563 2204 rei
590 2146 671 2222 quod
698 2147 768 2222 satis
800 2164 863 2206 esse
892 2145 987 2202 visum
1014 2153 1059 2204 est
1086 2143 1211 2202 militum

171 2261 202 2308 πο,
213 2243 334 2319 reliquit.
378 2244 446 2320 Ipse
475 2263 542 2304 cum
569 2245 733 2320 legionibus
759 2245 901 2322 expeditis
929 2260 980 2302 1111
1009 2252 1038 2301 et
1065 2243 1211 2318 equitibus

213 2356 293 2398 uoco
316 2341 347 2398 in
368 2341 443 2400 fines
465 2342 659 2424 Treverorum
683 2343 880 2419 proficiscitur,
905 2342 985 2418 quod
1005 2341 1034 2398 hi
1055 2337 1211 2417 nequead

214 2439 337 2497 concilia
364 2439 518 2499 veniebant
545 2458 640 2516 neque
668 2442 790 2517 imperio
817 2441 958 2517 parebant
986 2438 1211 2514 Germanosque

215 2534 459 2595 Transrhenanos
493 2537 644 2596 sollicitare
679 2539 857 2598 dicebantur.
919 2544 948 2597 3.
991 2537 1075 2596 Haec
1110 2537 1211 2595 civitas

201 2637 303 2710 longe
332 2635 488 2719 pltmmum
515 2637 603 2694 totius
632 2636 743 2696 Galliae
771 2638 900 2715 equitatu
926 2636 1001 2715 valet
1028 2653 1213 2716 magnasque

172 2750 201 2802 ²⁵
214 2735 302 2792 habet
329 2733 429 2809 copias
458 2734 596 2810 peditum
625 2735 828 2814 Rhenumque,
857 2745 888 2794 ut
916 2715 1004 2810 supra
1031 2734 1212 2792 demonstra-

215 2833 317 2902 vimus,
346 2834 447 2910 tangit.
466 2847 467 2850 ’
489 2833 525 2892 In
547 2851 585 2892 ea
609 2835 721 2894 civitate
746 2836 805 2894 duo
829 2834 867 2893 de
891 2834 1055 2910 principatu
1080 2834 1153 2892 inter
1177 2851 1212 2892 se

215 2931 440 3005 contendebant,
464 2932 679 2992 Indutiomarus
702 2944 732 2992 et
753 2933 940 3010 Cingetorix;
963 2933 1106 3008 equibus
1129 2930 1212 3003 alter,

216 3030 402 3106 simulatque
423 3030 460 3088 de
478 3029 612 3090 Caesaris
626 3031 831 3108 legionumque
846 3032 972 3091 adventu
990 3030 1139 3107 cognitum
1155 3039 1212 3102 est,

216 3130 255 3188 ad
274 3147 341 3187 eum
355 3129 441 3200 venit,
459 3147 490 3188 se
510 3147 637 3206 suosque
654 3148 759 3190 omnes
777 3131 807 3188 in
821 3129 917 3188 officio
932 3129 1043 3188 futuros
1062 3147 1157 3204 neque
1172 3131 1212 3188 ab

171 3242 202 3292 30
217 3229 343 3287 amicitia
363 3229 463 3304 populi
485 3227 613 3286 Romani
634 3229 799 3288 defecturos
823 3229 1005 3288 confirmavit
1025 3246 1158 3306 quaeque
1179 3229 1212 3304 in

216 3327 350 3390 Treveris
374 3337 542 3403 gererentur
566 3328 701 3387 ostendit.
743 3328 784 3394 At
807 3329 1024 3387 Indutiomarus
1050 3329 1213 3402 equitatum
1296 3391 1301 3406 ⁸

141 3503 150 3512 .
216 3426 434 3505 peditatumque
455 3428 683 3528 co'gereqiisquq
704 3428 755 3505 qui
775 3447 827 3504 per
847 3436 973 3486 aetatem
989 3427 1020 3484 in
1037 3426 1124 3485 armis
1146 3445 1212 3486 esse

124 3533 130 3547 “
171 3561 178 3570 -
216 3541 278 3582 non
301 3536 443 3601 poterant,
468 3527 498 3585 in
523 3526 624 3586 silvam
648 3527 839 3587 Arduennam
864 3526 976 3596 abditis,
1001 3543 1077 3602 quae
1100 3526 1213 3604 ingenti
