2686 3910
113 152 296 250 i‘”'3'7-.-4r.'
339 182 408 248 ¹nr
424 161 539 230 'narro
564 181 716 232 onrrrco
740 167 850 234 eorm.
878 185 954 236 arn.
1093 189 1152 237 201

26 314 32 320 .
113 242 119 320 l

115 329 121 435 p
154 332 352 390 exanimatum
372 349 478 408 corpus
497 333 597 392 securi.
611 334 749 393 feriretur.
792 341 846 394 39.
869 335 915 394 lbi
929 338 1041 397 crebris¹
1056 338 1155 397 litteris

116 446 120 512 ξ
155 429 270 488 Caninii
298 429 330 488 fit
358 431 470 501 certior,
499 449 575 506 quae
607 432 644 490 de
675 433 825 509 Drappete
852 445 882 493 et
910 435 1045 495 Lucterio
1073 447 1155 512 gesta

154 539 261 600 essent,
284 548 406 606 quoque
423 531 453 588 in
476 531 599 590 consilio
621 541 806 590 remanerent
827 535 977 609 oppidani.
1020 534 1155 606 Quorum

116 643 122 724 p
154 627 208 686 etsi
239 629 413 704 paucitatem
444 631 664 701 contemnebat,
697 640 795 688 tamen
827 633 1016 707 pertinaciam
1046 651 1155 709 magna

116 725 122 816 ξ
154 744 251 802 poena
276 745 340 786 esse
369 728 552 788 afficiendam
580 730 736 799 iudicabat,
758 747 796 788 ne
820 731 954 789 universa
975 729 1070 790 Gallia
1095 743 1183 792 nont

116 819 122 938 ς
155 826 210 885 sibi
233 825 307 884 vires
332 825 458 886 defuisse
484 828 521 885 ad
546 827 740 886 resistendum
766 826 918 900 Romanis,
943 829 995 888 sed
1018 840 1154 889 constan·

117 939 122 990 t
155 925 225 982 tiam
250 935 371 1010 putaret,
393 945 467 984 neve
491 925 549 987 hoc
574 926 710 1002 exemplo
734 935 845 984 ceterae
871 928 998 986 civitates
1023 927 1155 994 locorum

117 995 122 1114 Ξ
154 1024 369 1099 opportunitate
407 1025 497 1083 fretae
537 1044 568 1084 se
588 1025 767 1084 vindicarent
807 1025 837 1082 in
877 1026 1048 1097 libertatem,
1087 1043 1155 1085 cum

54 1115 57 1124 '
117 1139 123 1223 p
155 1123 293 1181 omnibus
323 1121 416 1186 Gallis
448 1134 551 1182 notum
582 1142 648 1182 esse
678 1123 763 1182 sciret
798 1125 939 1200 reliquam
970 1143 1035 1184 esse
1066 1143 1154 1182 unam

118 1234 122 1275 :
155 1230 295 1280 aestatem
327 1229 399 1280 suae
428 1223 603 1299 provinciae,
632 1240 720 1299 quarn
754 1223 777 1280 si
810 1224 950 1281 sustinere
982 1225 1154 1299 potuissent,
1172 1251 1200 1286 10

118 1396 120 1406 ι
155 1319 266 1378 nullum
297 1319 370 1378 ultra
405 1321 565 1396 perieulum
600 1331 772 1396 vererentur.
815 1320 916 1398 Itaque
944 1321 982 1392 Q.
1012 1321 1155 1380 Calenum

119 1411 123 1475 i
154 1419 283 1494 legatum
307 1437 375 1476 cum
399 1419 562 1495 legionibus
587 1420 709 1496 reliquit,
734 1420 785 1495 qui
809 1420 890 1480 iustis
914 1421 1062 1480 itineribus
1087 1421 1155 1479 sub·

155 1527 337 1592 sequeretur;
363 1518 426 1593 ipse
443 1536 512 1575 curn
531 1519 612 1576 omni
632 1519 763 1593 equitatu
783 1535 873 1593 quam
891 1528 987 1594 potest
1008 1519 1155 1578 celerrime

120 1605 194 1702 .⁷.²d
216 1614 373 1675 Caninium
394 1616 552 1674 contendit.
595 1621 650 1676 40.
674 1615 751 1674 Cum
776 1625 879 1674 contra
906 1619 1155 1694 exspectationem

120 1710 123 1728 ²
155 1715 288 1772 omnium
316 1715 425 1774 Caesar
442 1713 675 1774 ¹Uxellodunum
703 1715 829 1773 venisset
857 1715 1057 1792 oppidumque
1084 1733 1200 1791 ope-15

121 1815 125 1875 ἶ
154 1814 233 1872 ribus
248 1813 379 1872 clausum
393 1813 634 1872 animadverteret
653 1831 748 1888 neque
768 1814 805 1871 ab
820 1815 1041 1889 oppugnatione
1059 1815 1156 1873 recedi

121 1923 126 1983 j
154 1908 264 1971 videret
285 1911 343 1970 ulla
361 1911 535 1970 condicione
555 1931 651 1987 posse,
670 1930 779 1987 magna
798 1921 895 1971 autem
915 1914 1001 1988 copia
1019 1912 1157 1970 frumenti

121 2058 126 2078 ,
155 2010 303 2069 abundare
324 2011 488 2086 oppidanos
510 2029 546 2068 ex
567 2011 698 2087 perfugis
717 2021 884 2086 cognosset,
905 2029 980 2086 aqua
1001 2010 1156 2086 prohibere

154 2109 272 2168 hostem
286 2118 426 2185 temptare
442 2109 546 2186 coepit.
589 2108 714 2167 Flumen
733 2110 863 2170 infimam
884 2109 987 2167 vallem
1002 2110 1156 2180 dividebat,

154 2227 230 2284 quae
251 2218 344 2266 toturn
368 2226 461 2284 paene
483 2217 616 2266 montem
637 2208 781 2283 cingebat,
803 2209 834 2266 in
858 2226 917 2284 quo
942 2209 1071 2283 positum
1095 2217 1156 2266 erat
1171 2227 1201 2262 ιο

123 2292 128 2391 ἶ
155 2317 344 2383 praeruptum
371 2307 499 2382 undique
528 2306 669 2382 oppidum
700 2305 926 2366 Uxellodunum.
972 2306 1048 2365 Hoc,
1076 2324 1156 2364 aver-

124 2483 126 2488 ι
155 2415 216 2463 tere
242 2405 299 2463 loci
321 2414 422 2463 natura
447 2404 637 2480 prohibebat;
664 2405 698 2460 in
719 2404 826 2478 infimis
848 2406 927 2462 enim
948 2407 990 2463 sic
1011 2405 1156 2464 radicibus

125 2539 129 2546 ·
155 2503 264 2562 montis
296 2502 447 2574 ferebatur,
461 2560 463 2564 ,
479 2512 511 2560 ut
543 2502 652 2560 nullam
688 2503 717 2560 in
748 2512 860 2578 partem
893 2503 1039 2579 depressis
1069 2503 1156 2564 fossis

125 2595 129 2635 ²
156 2602 277 2661 derivari
305 2611 413 2678 posset.
457 2601 527 2659 Erat
555 2610 651 2658 autern
679 2601 834 2676 oppidanis
863 2601 985 2661 difficilis
1012 2613 1041 2660 et
1072 2622 1156 2679 prae·

126 2746 130 2774 ,
155 2710 258 2776 ruptus
280 2719 316 2758 eo
337 2701 503 2770 descensus,
526 2710 557 2756 ut
577 2699 799 2776 prohibentibus
821 2701 928 2758 nostris
950 2700 1012 2760 sine
1033 2703 1156 2762 vulneri·
1172 2709 1200 2758 25

154 2802 212 2858 bus
234 2817 269 2859 ac.
292 2798 420 2876 periculo
445 2799 520 2856 vitae
541 2814 637 2873 neque
659 2798 737 2856 adire
758 2797 868 2856 flumen
885 2817 985 2875 neque
1007 2801 1099 2860 arduo
1125 2821 1155 2860 se

127 2924 131 2981 j
155 2899 285 2974 recipere
310 2907 431 2974 possent
455 2914 587 2956 ascensu.
631 2895 699 2967 Qua
724 2896 890 2956 difficultate
914 2916 1017 2956 eorum
1038 2901 1157 2976 cognita

156 2997 266 3056 Caesar
285 2997 437 3072 sagittariis
456 2995 707 3070 funditoribusque
728 2996 883 3072 dispositis,
899 2999 1049 3056 tormentis
1069 2999 1156 3055 etiam

128 3168 131 3183 .
156 3096 334 3172 quibusdam
353 3094 425 3153 locis
445 3103 548 3152 contra
562 3093 713 3152 facillimos
733 3094 890 3154 descensus
910 3095 1066 3165 collocatis,
1080 3113 1156 3170 aqua

128 3194 132 3241 ἒ
155 3195 283 3254 fluminis
304 3192 478 3270 prohibebat
498 3191 672 3269 oppidanos.
716 3198 763 3251 41.
786 3192 921 3264 Quorum
938 3195 1035 3252 omnis
1054 3204 1156 3268 postea
1170 3215 1201 3264 30

128 3280 311 3352 {multitudo
347 3301 518 3368 aquatorum
553 3307 656 3348 unum·
679 3291 709 3348 in
744 3292 842 3350 locum
876 3291 1067 3349 conveniebat
1102 3291 1156 3348 sub

129 3374 134 3435 ?
154 3395 247 3469 ipsius
266 3391 368 3467 oppidi
390 3408 513 3462 murum,
532 3390 581 3446 ubi
605 3407 730 3464 magnus
750 3390 817 3448 fons
836 3408 928 3465 aquae
948 3389 1156 3464 prorumpebat

129 3470 193 3550 lab
228 3508 279 3549 ea.
298 3500 388 3566 parte,
420 3508 495 3566 quae
527 3488 586 3548 fere
618 3488 727 3564 pedum
761 3504 816 3546 ooo
850 3486 999 3545 intervallo
1030 3487 1158 3552 fluminis

128 3546 277 3649 icircuitu
311 3590 439 3647 vacabat.
483 3587 552 3646 Hoc
582 3587 662 3645 fonte
693 3586 839 3668 prohiberi
870 3603 958 3660 posse
989 3587 1154 3662 oppidanos

128 3658 156 3704 l..
186 3693 190 3702 .
