2650 3918
138 214 157 280 5
159 195 277 284 5-58,
365 211 411 261 nn
432 211 541 262 antro
563 207 714 264 *nautico
735 206 847 265 cortu.
873 212 903 265 ν.
1070 217 1127 262 rrr

137 361 225 420 altera
238 359 275 420 eir
299 372 380 441 parte
404 365 536 424 Senones
559 365 761 442 ‘Carnutesque
789 365 966 426 consolentia
993 363 1130 424 facinoris

135 461 274 537 instigari,
307 462 395 522 altera
426 462 550 523 Nervios
584 464 811 541 Aduatucosque
845 465 952 524 bellurn
986 463 1129 522 Romanis

135 578 246 636 parare,
261 577 356 638 neque
376 563 430 622 sibi
444 563 671 622 voluntariorum
686 564 786 640 copias
806 563 913 634 delore,
931 563 954 622 si
974 581 1011 622 ex
1025 563 1129 621 linibus

136 659 195 718 suls
223 661 358 736 progredi
382 662 534 738 coepisset,
560 671 702 721 armatum
730 660 885 720 concilium
909 660 1014 720 indicit.
1059 659 1128 720 Hoc

135 773 219 816 more
233 757 384 819 Gallorum
404 771 448 820 est
465 760 577 819 initium
591 761 673 820 belli:
695 778 755 837 quo
774 761 838 836 lege
858 760 1006 818 communi
1024 765 1156 818 omnest

135 856 260 930 puberes
288 857 390 916 armati
417 859 572 917 convenire
600 867 793 931 consuerunt3
828 859 877 935 qui
905 876 941 916 ex
969 857 1004 916 iis
1031 857 1127 916 novis-

136 954 226 1014 simus
247 957 390 1028 convenit,
410 957 442 1016 in
465 967 625 1034 conspectu
646 956 834 1015 multitudinis
858 955 993 1014 omnibus
1018 955 1128 1014 crucia·

137 1053 215 1112 tibus
242 1055 375 1133 'affectus
413 1065 540 1114 necatur.
594 1055 630 1113 In
669 1073 705 1114 eo
741 1054 865 1114 concilio
899 1054 1127 1130 Cingetorigem,

136 1146 251 1212 alterius
275 1155 438 1230 principem
467 1153 610 1224 factionis,
634 1170 775 1230 generum
803 1171 896 1224 suum,
925 1171 1013 1229 quem
1042 1167 1127 1228 supra

136 1249 396 1311 demonstravimus
424 1251 556 1311 Caesaris
585 1261 716 1310 secutum
739 1247 828 1310 iidem
853 1252 954 1310 abeo
982 1269 1042 1310 non
1070 1251 1173 1308 dis-10

137 1349 265 1421 cessisse,
286 1349 401 1410 hostem
421 1351 527 1413 iudicat
547 1351 683 1426 bonaque
704 1350 766 1408 eius
787 1344 921 1425 publicat.
963 1349 1020 1408 His
1040 1351 1127 1408 rebus

137 1447 277 1507 consectis
297 1449 328 1506 in
349 1449 473 1508 concilio
494 1449 660 1524 pronuntiat
681 1449 849 1506 arcessitum
871 1467 902 1508 se
922 1465 941 1505 a
962 1447 1127 1506 Senonibus

138 1554 166 1605 et
187 1545 362 1606 Carnutibus
383 1547 503 1623 aliisque
521 1546 715 1623 compluribus
737 1545 848 1606 Galliae
865 1547 1041 1619 civitatibus3
1069 1546 1128 1607 huc

136 1645 240 1704 itururn
265 1644 413 1721 perfines
441 1644 602 1703 Remorum
625 1663 784 1721 eorumque
808 1662 894 1720 agros
922 1645 1126 1725 populaturum

136 1761 178 1812 ac,
213 1743 382 1821 priusquam
415 1743 447 1801 id
478 1742 573 1815 faeiat,
606 1753 700 1801 castra
729 1742 850 1801 Labieni
881 1753 1125 1818 oppugnaturum.
1142 1756 1170 1808 15

136 1839 220 1911 Quae
252 1841 314 1899 fieri
345 1841 418 1913 velit,
449 1841 596 1918 praecipit.
650 1847 700 1902 57.
722 1839 878 1913 Labienus,
914 1859 982 1898 cum
1014 1850 1042 1899 et
1069 1841 1126 1900 loci

134 1949 235 1999 natura
260 1948 289 1997 et
310 1957 400 1998 manu
424 1939 623 1999 munitissimis
650 1939 750 1998 castris
773 1955 836 1999 sese
858 1948 977 2010 teneret,
1007 1939 1043 1998 de
1072 1958 1127 1999 suo

135 2058 168 2099 ac
195 2039 318 2116 legionis
344 2039 474 2116 periculo
498 2037 568 2097 nihil
590 2040 725 2112 tirnebat;
761 2059 799 2098 ne
824 2057 912 2115 quarn
938 2040 1125 2098 occasionem

134 2137 174 2197 rei
197 2139 272 2197 bene
294 2138 438 2214 gerendae
462 2138 623 2210 dimitteret,
652 2138 806 2214 cogitabat.
849 2137 951 2213 Itaque
976 2155 993 2196 a
1018 2137 1125 2214 Cinge-

134 2237 226 2313 torige
248 2246 333 2314 atque
355 2237 416 2296 eius
437 2237 608 2314 propinquis
629 2228 760 2296 oratione
783 2236 973 2294 Indutiomari
999 2237 1124 2312 cognita,
1139 2245 1170 2280 ²0

135 2354 222 2412 quarn
250 2336 280 2394 in
313 2336 437 2394 concilio
470 2336 617 2408 habuerat,
650 2337 767 2395 nuntios
799 2335 884 2392 mittit
919 2335 957 2393 ad
989 2335 1125 2394 finitimas

134 2435 261 2494 civitates
282 2435 450 2511 equitesque
470 2434 599 2511 undique
620 2443 739 2494 evocat:
760 2433 804 2492 his
826 2443 936 2492 certum
957 2433 1034 2492 diem
1056 2451 1124 2492 con-

133 2532 266 2614 veniendi
290 2533 365 2592 dicit.
408 2533 529 2591 Interim
553 2551 645 2609 prope
668 2533 773 2592 cotidie
799 2550 866 2591 cum
891 2531 971 2590 omni
996 2531 1125 2607 equitatu

134 2631 349 2691 Indutiomarus
380 2631 434 2690 sub
462 2631 562 2690 castris
589 2631 650 2690 eius
680 2633 845 2706 vagabatur,
875 2631 944 2688 alias
976 2641 1007 2688 ut
1038 2631 1125 2690 situm

133 2739 293 2789 castrorum
332 2738 532 2805 cognosceret,
567 2729 636 2789 alias
675 2729 859 2806 colloquendi
894 2738 943 2787 aut
977 2729 1124 2788 territandi
1138 2741 1168 2793 25

133 2845 238 2886 causa:
271 2829 382 2903 equites
405 2827 575 2904 plerumque
599 2845 702 2886 omnes
730 2828 787 2886 tela
810 2828 883 2885 intra
909 2828 1015 2885 vallum
1043 2829 1124 2886 'coni-

133 2925 255 2986 ciebant
298 2924 446 2984 Labienus
467 2944 535 2984 suos
552 2926 626 2984 intra
639 2925 829 2984 munitionem
844 2926 1010 2984 continebat
1023 2927 1123 2985 timor·

133 3023 213 3101 isque
249 3024 426 3102 opinionem,
456 3025 685 3100 quibuscumque
715 3032 829 3099 poterat
862 3025 957 3094 rebus,
991 3025 1120 3098 augebat.

134 3128 185 3180 58.
209 3120 287 3180 Cum
313 3122 424 3182 maiore
451 3122 482 3181 in
510 3123 571 3182 dies
598 3122 815 3198 contemptIone
840 3121 1055 3181 IndutIomarus
1084 3122 1122 3178 ad

134 3229 226 3279 castra
249 3220 406 3291 accederet,
431 3229 518 3279 nocte
545 3239 604 3279 una
627 3221 798 3278 intromissis
823 3221 965 3298 equitibus
989 3219 1120 3278 omnium
1133 3231 1166 3281 30

133 3317 318 3376 finitimarum
346 3319 500 3390 civitatum,
530 3337 604 3396 quos
637 3319 826 3378 arcessendos
860 3327 1013 3388 curaverat,
1042 3326 1122 3376 tanta

134 3416 279 3493 diligentia
303 3435 406 3476 omnes
431 3435 499 3476 suos
528 3418 666 3477 custodiis
690 3419 765 3477 intra
793 3427 885 3476 castra
911 3415 1060 3486 continuit,
1089 3426 1122 3474 ut

133 3514 209 3575 nulla
236 3515 347 3575 ratione
376 3535 411 3576 ea
442 3534 488 3575 res
516 3517 656 3578 enuntiari
683 3527 732 3576 aut
765 3516 802 3574 ad
833 3515 976 3574 Treveros
1003 3513 1122 3590 perferri
