2650 3918
12 261 13 264 ,
117 191 212 257 2—6.
296 189 391 260 'nn
412 211 831 270 rsrroonrrrcoffconrr.
854 217 919 270 ιν.·.
943 226 1049 278 [tran
1075 209 1115 286 ⁶⁷

112 365 144 418 et
176 356 323 426 Tencteri,
351 379 426 438 quos
459 381 547 439 supra
578 364 711 437 diximus,
740 367 790 442 qui
821 367 987 444 complures
1019 387 1114 432 annos

115 455 279 516 Sueborum
310 461 369 518 vim
399 462 493 536 sustin
514 473 615 536 enmt3
652 465 690 524 ad
717 475 879 528 extremum
907 477 1006 526 tamen
1038 469 1115 545 agris

50 608 53 616 .
113 558 227 633 expulsi
258 568 287 618 et
317 561 415 622 multis
446 529 519 622 lindis
550 561 726 623 Germaniae
756 565 913 624 triennium
946 569 1043 644 vagati
1077 568 1116 628 ad

12 653 14 660 ’
115 653 254 714 Rhenum
282 669 491 733 pervenerunt;
524 679 596 738 quas
623 662 759 738 regiones
787 662 919 739 Menapii
946 665 1114 725 incolebant

111 762 143 812 et
171 755 210 814 ad
235 765 388 834 utramque
415 759 510 835 ripam
536 759 663 819 fluminis
691 777 786 836 agros,
807 761 948 821 'aedificia
974 763 1141 840 vicosques

94 849 270 925 habebant,
299 856 352 915 sed
381 865 480 934 tautae
512 858 702 917 multitudinis
733 859 814 920 aditu
844 861 986 938 perterriti
1013 879 1051 920 ex
1079 862 1114 921 iis

114 953 260 1025 aedificiis,
285 973 360 1030 quae
385 956 598 1026 transflumen
627 957 796 1030 habuerant,
821 959 1056 1036 demigraverunt
1084 971 1113 1024 et

12 1067 14 1072 ·
114 1051 157 1111 cis
178 1051 317 1111 Rhenum
339 1055 486 1130 dispositis
510 1056 901 1161 praesidiis,Germanffiutru
913 1059 999 1160 *filli
1015 1059 1113 1136 prohi-

12 1141 14 1152 '
113 1151 231 1211 bebant.
274 1153 319 1212 Illi
337 1155 438 1212 omnia
456 1155 568 1230 experti
582 1170 764 1231 cumneque
783 1156 811 1214 vi
832 1143 1010 1216 contendere
1025 1175 1113 1234 prop·

113 1259 157 1308 ter
177 1251 309 1328 inopiam
329 1253 448 1311 navium
466 1271 562 1330 neque
583 1253 660 1312 clam
681 1254 802 1312 transire
823 1264 943 1332 propter
964 1257 1112 1316 custodias
1127 1273 1159 1310 ιο

113 1347 321 1425 Menapiorum
347 1361 478 1427 possent,
496 1352 607 1410 'reverti
636 1370 668 1411 se
696 1353 727 1409 in
755 1370 823 1412 suas
851 1353 936 1412 sedes
964 1355 1113 1430 regiones-

112 1465 170 1524 que
187 1447 404 1520 simulaverunt,
423 1459 452 1508 et
471 1450 556 1508 tridui
570 1451 647 1510 viam
661 1451 808 1543 ngltsdi
822 1469 921 1510 rursus
935 1463 1113 1511 reverterunt

111 1556 198 1622 atque
218 1549 300 1606 omni
318 1548 376 1607 boc
394 1549 495 1608 itinere
516 1568 576 1608 una
594 1558 681 1608 nocte
701 1549 829 1624 equitatu
849 1550 985 1610 consecto
1004 1551 1112 1610 inscios

12 1633 14 1636 ¹
109 1645 356 1722 inopinantesque
373 1646 530 1724 Menapios
544 1657 759 1724 oppresserunt,
774 1635 880 1750 quilde
895 1648 1111 1709 Germanorum

109 1743 256 1844 discesqu
270 1763 324 1821 per
351 1746 548 1822 exploratores
576 1746 713 1808 certiores
738 1747 808 1806 facti
835 1749 896 1806 sine
924 1757 1004 1810 metu
1031 1757 1110 1806 trans
1126 1765 1154 1814 15

109 1840 698 1920 Rhenuminsuosvicosremigraverant.
742 1844 800 1904 His
810 1845 967 1904 interiectis
975 1846 1110 1904 navibus-

107 1958 166 2016 que
186 1959 294 2000 eorum
310 1944 469 2019 occupatis,
484 1943 654 2020 priusquam
671 1962 707 2002 ea
723 1962 790 2020 pars
805 1943 1019 2020 Menapiorum,
1034 1961 1110 2018 quae

12 2073 14 2078 ,
107 2040 180 2100 citra
201 2039 341 2098 Rhenum
362 2051 433 2114 erat,
455 2042 561 2101 certior
583 2043 673 2113 fieret,
695 2042 805 2100 fiumen
825 2042 1000 2100 transierunt
1021 2049 1108 2116 atque

106 2139 247 2198 omnibus
266 2157 368 2198 eorum
387 2140 525 2200 aedificiis
543 2141 694 2217 occupatis
715 2140 855 2216 reliquam
873 2149 987 2216 partem
1005 2138 1109 2198 hiemis

107 2255 139 2297 se
153 2253 258 2296 eorum
272 2239 366 2314 copiis
380 2240 519 2298 aluerunt
627 2256 631 2260 ·
655 2229 657 2232 ¹
681 2243 769 2281 mr>
802 2291 930 2332 Nm„
1124 2257 1155 2294 πο

148 2343 180 2396 5.
202 2335 260 2395 His
272 2337 405 2396 derebus
419 2338 528 2398 Caesar
540 2337 644 2397 certior
656 2337 748 2398 factus
760 2347 788 2396 et
802 2328 996 2396 infirmitatem
1008 2329 1108 2398 Gallo·

105 2453 171 2494 rum
185 2435 300 2507 veritus,
315 2436 395 2512 quod
409 2447 477 2496 sunt
490 2439 521 2496 in
539 2437 666 2496 consiliis
681 2437 830 2513 capiendis
844 2436 968 2494 mobiles
982 2445 1011 2494 et
1025 2439 1108 2496 novis

103 2533 277 2610 plerumque
291 2536 379 2594 rebus
393 2535 517 2607 student,
528 2535 599 2594 nihil
613 2536 659 2594 his
670 2515 912 2595 cohlhriilehdum
926 2533 1108 2594 existimavit.
1193 2569 1197 2577 =

102 2631 157 2692 Est
179 2634 260 2693 enim
279 2633 336 2692 boc
358 2633 488 2693 Gallicae
508 2595 735 2706 cdiidhetudinis,
756 2635 798 2694 uti
821 2643 849 2692 et
871 2634 995 2692 viatores
1020 2635 1107 2698 etiam

101 2732 210 2790 invitos
231 2732 389 2792 consistere
410 2703 518 2844 50de
537 2742 575 2805 et,
589 2733 661 2811 quid
675 2733 797 2810 quisque
812 2749 915 2792 eonun
934 2731 971 2790 de
990 2744 1106 2808 quaque
1122 2748 1151 2797 25

100 2849 132 2888 re
146 2830 271 2890 audierit
285 2840 334 2889 aut
351 2803 529 2907 coffnhverit,
544 2841 693 2907 quaerant,
705 2840 738 2889 et
756 2830 976 2939 mercatoqegin
990 2830 1107 2906 oppidis

100 2928 206 3005 vulgus
222 2928 413 3006 circumsistat
426 2929 589 3006 quibusque
604 2947 641 2987 ex
660 2928 828 3004 regionibus
862 2936 961 2986 enrant
975 2945 1106 3005 quasque

99 2993 429 3114 ibiresbcoghdvhrint,
451 3027 639 3103 pronuntiare
660 3036 776 3102 cogant.
820 3023 877 3084 His
904 3026 991 3086 rebus
1018 3035 1106 3102 atque

98 3109 299 3186 audilioriibus
312 3126 436 3202 permoti
451 3125 488 3184 de
503 3126 624 3186 summis
645 3142 733 3200 saepe
754 3125 842 3183 rebus
860 3124 982 3184 consilia
995 3125 1103 3194 ineunt,

98 3191 227 3302 ddohhdr
247 3241 301 3282 eos
321 3225 352 3282 in
370 3223 494 3299 vestigio
513 3224 664 3300 poenitere
685 3237 806 3282 necesse
827 3232 880 3294 est,
900 3239 968 3281 cum
989 3221 1105 3280 incertis
1119 3243 1151 3292 3·

96 3324 266 3383 rumoribus
280 3324 411 3394 serviant,
442 3332 470 3381 et
497 3322 626 3399 plerique
650 3322 688 3380 ad
710 3323 888 3380 voluntatem
912 3335 1014 3380 eorum
1038 3319 1105 3382 ficta

95 3423 308 3499 respondeant.
331 3495 333 3500 Ι
350 3428 380 3480 6.
402 3419 470 3492 Qua
486 3420 696 3499 consuetudine
713 3421 831 3497 cognita
847 3418 963 3488 Caesar,
980 3435 1018 3475 ne
1038 3435 1105 3493 gra-

95 3522 170 3580 viori
189 3519 269 3580 bello
288 3527 461 3591 occuneret,
479 3519 626 3590 maturius,
646 3537 735 3601 quam
755 3525 916 3588 consuerat,
936 3517 974 3576 ad
992 3517 1102 3578 exerci-

563 3603 595 3699 (r
611 3601 640 3696 2l
