2686 3910
149 191 288 273 ότι-64.
397 206 444 253 nn
465 204 586 253 narro
600 203 751 252 nrrrroo
775 202 886 252 corun.
913 202 977 251 νη.
1087 171 1145 268 1‘67

169 371 171 374 ·
188 361 241 415 63.
255 351 439 414 'Defectione
448 355 619 414 Aeduorum
634 355 753 430 cognita
763 353 871 411 bellurn
882 363 1012 429 augetur.
1041 351 1147 428 Legat-

145 454 228 512 iones
257 454 288 510 in
315 455 419 512 omnes
447 463 543 529 partes
571 452 850 510 circummittuntur:
882 461 1024 526 quantum
1047 453 1145 526 gratia,

145 552 323 623 auctoritate,
338 551 463 629 pecunia
477 552 581 622 valent,
596 550 632 608 ad
647 548 841 608 sollicitandas
860 548 987 606 civitates
1001 548 1145 618 nituntur,

145 651 222 708 nacti
251 650 378 722 obsides,
407 666 482 724 quos
510 647 618 707 Caesar
646 647 724 723 apud
752 665 804 705 eos
832 646 1013 721 deposuerat,
1042 646 1149 704 horum

144 748 288 824 supplicio
300 748 464 807 dubitantes
475 747 611 805 territant.
647 744 753 804 Petunt
764 763 781 802 a
791 742 1029 820 Vercingetorige
1040 745 1144 816 Aedui,
1159 772 1173 822 5

143 860 178 908 ut
190 851 228 909 ad
247 869 278 910 se
300 853 398 910 veniat
415 850 604 925 rationesque
623 849 690 906 belli
711 848 831 923 gerendi
852 844 1056 906 communicet.
1099 847 1147 931 ReI

142 951 297 1025 impetrata
320 949 508 1018 contendunt,
532 957 564 1006 ut
585 947 655 1023 ipsis
684 963 799 1004 summa
821 946 934 1021 imperii
956 946 1091 1017 tradatur,
1116 955 1144 1004 et

141 1065 173 1104 re
198 1048 235 1104 in·
254 1047 481 1106 controversiam
506 1045 631 1104 deducta
659 1045 746 1103 totius
771 1042 883 1103 Galliae
912 1045 1067 1103 concilium
1095 1045 1143 1102 Bi-

141 1145 240 1202 bracte
268 1145 412 1204 indicitur.
464 1143 580 1202 Eodem
608 1143 785 1201 conveniunt
812 1141 941 1218 undique
969 1142 1142 1219 frequentes.

140 1241 337 1302 Multitudinis
366 1242 511 1318 suffragiis
539 1258 585 1299 res
617 1240 806 1318 permittitur:
841 1239 880 1298 ad
912 1258 1004 1298 unum
1038 1259 1143 1300 omnes
1158 1265 1189 1300 10

140 1339 413 1418 Vercingetorigem
441 1341 566 1417 probant
592 1339 806 1415 imperatorem.
857 1339 905 1396 Ab
932 1339 989 1397 hoc
1018 1339 1141 1400 concilio

140 1438 236 1510 Remi,
273 1439 433 1516 Lingones,
461 1437 580 1496 Treveri
612 1435 763 1494 afuerunt:
797 1436 845 1507 illi,
874 1437 953 1513 quod
986 1438 1153 1520 amicitiam

139 1536 345 1596 Romanorum
374 1538 568 1614 sequebantur
579 1554 588 1606 3
618 1534 746 1604 Treveri,
772 1535 852 1610 quod
881 1537 1002 1594 aberant
1026 1536 1141 1612 longius

139 1645 168 1693 et
193 1637 231 1693 ab
256 1634 412 1694 Germanis
436 1634 649 1710 premebantur,
672 1649 746 1707 quae
770 1631 822 1690 fuit
845 1651 942 1704 causa,
966 1651 1056 1710 quare
1078 1645 1141 1693 toto

138 1736 276 1792 abessent
296 1734 373 1792 bello
394 1743 423 1791 et
444 1732 553 1790 neutris
577 1731 684 1788 auxilia
704 1730 858 1790 mitterent.
901 1731 1015 1807 Magno
1039 1732 1185 1803 dolorerg

137 1831 234 1890 Aedui
249 1831 343 1891 ferunt
363 1850 394 1890 se
410 1830 537 1889 deiectos
551 1828 723 1906 principatu,
735 1838 894 1904 queruntur
908 1828 1040 1888 fortunae
1059 1849 1139 1889 com·

137 1931 329 1989 mutationem
349 1939 378 1988 et
398 1928 530 1988 Caesaris
550 1926 760 2002 indulgentiam
773 1927 804 1983 in
827 1945 858 1984 se
872 1928 1028 2002 requirunt,
1043 1946 1139 2005 neque

136 2041 237 2088 tamen
263 2039 399 2105 suscepto
421 2028 498 2086 bello
522 2044 607 2087 suum
630 2025 784 2084 consilium
808 2026 844 2083 ab
867 2027 982 2102 reliquis
1005 2045 1139 2102 separare

137 2128 254 2186 audent.
297 2128 382 2186 Inviti
410 2145 543 2185 summae
571 2126 633 2200 spei
661 2124 870 2208 adulescentes
898 2123 1082 2201 Eporedorix
1109 2138 1138 2186 et

136 2226 347 2297 Viridomarus,
364 2224 596 2301 Vercingetorigi
612 2233 723 2299 parent.
765 2229 818 2282 64.
840 2223 909 2300 Ipse
930 2225 1053 2300 imperat
1073 2226 1137 2284 reli·
1153 2249 1184 2283 20

136 2327 202 2402 quis
220 2327 382 2384 civitatibus
402 2325 520 2384 obsides
535 2324 670 2398 diemque
683 2322 751 2380 huic
771 2323 811 2380 rei
826 2323 980 2382 constituit.
1023 2323 1136 2384 Omnes

135 2425 256 2500 equites,
276 2424 443 2500 quindecim
463 2423 541 2479 milia
562 2438 694 2492 numer0,
714 2420 849 2482 celeriter,
862 2422 1016 2480 convenire
1038 2423 1135 2482 iubet:

134 2525 274 2600 peditatu,
301 2542 388 2599 quem
417 2533 502 2580 antea
529 2521 677 2590 habuerat,
706 2536 738 2577 se
766 2518 827 2578 fore
856 2531 1026 2580 contentum
1058 2523 1134 2594 dicit,

134 2641 231 2698 neque
253 2622 400 2680 fortunam
421 2627 628 2695 temptaturum
647 2619 746 2675 autin
767 2618 830 2676 acie
848 2617 1058 2691 dimicaturum,
1073 2621 1135 2693 sed,

133 2719 276 2796 quoniam
298 2719 427 2777 abundet
448 2717 586 2794 equitatu,
604 2715 739 2792 perfacile
758 2733 822 2774 esse
837 2715 915 2776 factu
934 2716 1134 2778 frumentatio·
1150 2740 1179 2789 ²5

133 2818 221 2876 nibus
243 2813 540 2893 pabulationibusque
555 2815 707 2873 Romanos
728 2814 881 2890 prohibere
892 2834 899 2886 ;
929 2833 1023 2891 aequo
1043 2817 1133 2876 modo

134 2917 236 2975 animo
257 2933 309 2974 sua
322 2916 377 2992 ipsi
392 2915 536 2973 frumenta
555 2923 741 2988 corrumpant
760 2911 948 2988 aedificiaque
967 2915 1132 2985 incendant,

133 3032 192 3092 qua
206 3015 248 3071 rei
263 3012 407 3072 familiaris
427 3013 537 3071 iactura
555 3019 727 3087 perpetuum
741 3010 896 3087 imperium
914 3011 1133 3087 libertatemque.

133 3131 165 3172 se
181 3113 322 3188 consequi
346 3111 470 3170 videant.
505 3109 569 3168 His
599 3109 760 3167 constitutis
788 3109 873 3166 rebus
901 3110 1012 3168 Aeduis
1041 3108 1131 3183 Segu-

133 3211 286 3285 siauisque,
301 3210 351 3285 qui
373 3218 439 3267 sunt
461 3207 572 3266 finitimi
593 3207 766 3282 provinciae,
783 3207 885 3266 decern
904 3206 983 3264 inilia
1001 3206 1131 3281 pediturn
1145 3224 1178 3274 30

132 3311 272 3384 imperat3
303 3307 360 3367 huc
380 3307 461 3367 addit
482 3307 593 3384 equites
614 3307 808 3381 octingentos.
851 3304 907 3363 His
928 3305 1055 3380 praeficit
1074 3303 1130 3362 fra·

131 3418 206 3465 trem
233 3405 442 3482 Eporedorigis
473 3404 639 3479 bellumque
671 3403 768 3462 inferri
802 3402 1007 3477 Allobrogibus
1042 3401 1130 3461 iubet.

132 3506 232 3564 Altera
256 3513 396 3580 exparte
425 3501 554 3563 Gabalos
582 3503 790 3579 proximosque
814 3516 907 3578 pagos
933 3498 1131 3561 Arvernorum
