2686 3910
146 163 287 251 45-48.
376 178 423 226 nn
443 178 553 226 auaro
572 177 728 232 aramue
751 174 861 225 comm.
888 176 948 223 νη.
1082 178 1142 245 159

145 327 215 387 dato
249 329 335 406 signo
370 329 498 388 celeriter
530 329 567 387 ad
600 327 794 386 munitionem
821 325 992 403 perveniunt
1020 341 1143 398 eamque

145 428 316 503 transgressi
336 428 418 486 trinis
439 428 538 486 castris
561 428 724 504 potiuntur3
755 444 789 484 ac
810 436 890 484 tanta
910 424 963 483 fuit
987 425 1017 482 in
1042 423 1156 483 castris'

145 525 296 602 capiendis
317 525 455 597 celeritas,
472 535 506 585 ut
525 525 727 595 Teutomatus,
746 543 796 582 rex
811 523 1026 598 Nitiobrogum,
1046 521 1142 580 subito

145 625 177 682 in
192 625 380 684 tabernaculo
391 641 561 702 oppressus,
581 636 612 683 ut
626 625 746 684 meridie
764 624 976 699 conquieverat,
996 621 1143 698 superiore

146 723 278 800 corporis
288 733 369 800 parte
378 723 495 794 nudata,
504 723 653 783 vulnerato
662 742 739 800 equo
748 723 795 780 vix
807 741 837 780 se
849 741 885 780 ex
895 720 1031 778 manibus
1040 718 1143 796 praed·
1158 727 1171 779 5

145 825 257 882 antium
280 823 403 880 militum
425 823 555 899 eriperet.
598 829 649 884 47.
673 823 856 882 Consecutus
880 821 919 892 id,
941 819 1021 897 quod
1045 819 1143 877 animo

146 932 339 1000 proposuerat
354 921 470 993 Caesar,
485 923 613 999 receptui
628 925 693 992 cani
707 923 796 994 iussit,
808 921 989 997 legionisque
1003 919 1143 991 decimae,

146 1005 280 1098 quacum¹
295 1029 365 1092 erat,
387 1021 573 1080 contionatus
595 1021 681 1097 signa
702 1020 860 1079 constituit.
903 1018 948 1077 Ac
969 1018 1144 1093 reliquarum

145 1120 296 1196 legionum
329 1118 434 1178 milites
465 1137 527 1178 non
555 1119 692 1179 exaudito
726 1137 801 1178 sono
832 1119 927 1189 tubae,
961 1116 1042 1194 quod
1074 1117 1144 1176 satis

145 1235 255 1293 magna
289 1217 376 1276 valles
396 1218 617 1290 intercedebat,
652 1228 752 1276 tamen
788 1218 825 1275 ab
860 1216 981 1275 tribunis
1020 1215 1144 1273 militum
1163 1236 1191 1270 ro

145 1317 317 1394 legatisque,
350 1326 382 1375 ut
414 1327 475 1375 erat
507 1335 525 1374 a
556 1316 681 1376 Caesare
714 1326 912 1394 praeceptum,
940 1315 1144 1374 retinebantur.

147 1413 207 1473 Sed
221 1415 286 1473 clati
305 1433 357 1492 spe
373 1414 473 1474 celeris
488 1415 623 1474 victoriae
643 1425 670 1474 et
685 1414 812 1474 hostium
826 1415 897 1491 fuga
915 1424 943 1472 et
963 1414 1144 1490 superiorum

145 1523 312 1589 temporum
341 1513 476 1572 secundis
504 1514 621 1590 proeliis
649 1512 719 1571 nihil
747 1514 822 1572 adeo
850 1513 973 1570 arduum
1002 1511 1056 1568 sibi
1079 1528 1143 1569 esse

147 1611 390 1682 existimauerunt,
416 1609 497 1686 quod
519 1629 581 1670 non
602 1612 705 1670 virtute
727 1611 869 1686 consequi
892 1619 1022 1686 possent,
1047 1626 1143 1684 neque
1222 1683 1223 1688 η

146 1711 236 1768 finem
256 1709 335 1786 prius
355 1709 497 1786 sequendi
512 1709 650 1783 fecerunt,
667 1729 756 1787 quam
775 1727 859 1768 muro
876 1707 976 1784 oppidi
996 1707 1144 1782 portisque
1160 1725 1189 1776 15

147 1810 422 1886 appropinquarunt.
466 1806 546 1867 Tum
567 1827 647 1868 rvero
680 1828 716 1867 ex
744 1809 880 1867 omnibus
908 1805 987 1864 urbis
1014 1806 1145 1882 partibus

146 1918 213 1966 orto
232 1908 359 1966 clamore
381 1910 430 1984 qui
450 1907 566 1984 longius
588 1908 707 1966 aberant
728 1908 880 1984 repentino
895 1905 1019 1963 tumultu
1036 1916 1143 1982 perter-

146 2006 204 2078 riti,
230 2024 298 2064 cum
326 2005 440 2065 hostem
469 2009 543 2065 intra
571 2017 670 2084 portas
698 2024 763 2064 esse
787 2006 991 2076 existimarent,
1019 2022 1083 2064 sese
1107 2023 1144 2064 ex

147 2105 259 2181 oppido
278 2104 430 2164 eiecerunt.
473 2104 711 2164 Matresfamiliae
730 2102 766 2162 de
788 2121 872 2161 muro
893 2114 1003 2162 vestem
1026 2113 1143 2180 argent·

147 2221 255 2279 umque
290 2203 435 2263 iactabant
469 2215 498 2263 et
530 2213 650 2280 pectore
691 2202 771 2260 nudo
812 2203 1011 2278 prominentes
1050 2202 1144 2279 passis
1160 2217 1190 2254 20

148 2302 284 2360 manibus
318 2302 538 2360 obtestabantur
566 2301 727 2372 Romanos
756 2309 789 2358 ut
816 2300 869 2358 sibi
897 2310 1049 2377 parcerent
1076 2317 1143 2372 neu,

148 2402 221 2460 sicut
251 2401 367 2460 Avarici
400 2402 545 2472 fecissent,
582 2420 619 2459 ne
654 2421 671 2460 a
703 2400 872 2478 mulieribus
907 2401 1025 2477 quidem
1056 2411 1144 2478 atque

147 2499 305 2559 infantibus
339 2500 535 2558 abstinerent:
577 2499 733 2558 nonnullae
767 2499 803 2558 de
833 2499 923 2557 muris
956 2518 1009 2576 per
1039 2518 1144 2560 manus

148 2597 291 2656 demissae
328 2617 392 2657 sese
426 2598 564 2656 militibus
600 2598 760 2657 tradebant.
810 2596 844 2655 L.
862 2596 978 2668 Fabius,
1015 2599 1144 2657 centurio

147 2697 271 2772 legionis
290 2714 352 2767 vrn,
368 2715 460 2772 quem
479 2697 553 2755 inter
573 2714 642 2754 suos
661 2712 697 2754 eo
717 2695 765 2754 die
785 2695 891 2754 dixisse
910 2697 1073 2767 constabat,
1093 2715 1144 2756 ex·
1159 2711 1187 2760 ²5

147 2795 228 2855 citari
255 2813 286 2852 se
314 2795 537 2854 Avaricensibus
565 2794 700 2873 praemiis
729 2812 823 2870 neque
852 2795 1084 2865 commissurum,
1112 2805 1144 2854 ut

146 2896 228 2972 prius
247 2893 401 2970 quisquam
419 2912 536 2952 murum
557 2893 734 2963 ascenderet,
756 2901 814 2951 tres
835 2911 905 2952 suos
926 2904 1029 2952 nactus
1051 2895 1143 2951 mani-

146 2993 263 3070 pulares
284 3000 370 3068 atque
391 2993 428 3050 ab
448 2993 484 3051 iis
502 2991 669 3052 sublevatus
689 3009 805 3048 murum
830 2991 978 3050 ascendit:
999 2990 1054 3051 hos
1079 2993 1142 3068 ipse

146 3109 244 3150 nrrsus
267 3090 396 3166 singulos
418 3101 578 3168 exceptans
605 3091 635 3148 in
655 3107 771 3148 murum
796 3090 902 3149 extulit.
944 3095 998 3148 48.
1020 3089 1140 3147 Interim

145 3191 173 3262 ii,
191 3191 240 3268 qui
260 3189 298 3248 ad
317 3189 436 3248 alteram
456 3200 568 3266 partem
584 3188 695 3266 oppidi,
714 3198 745 3247 ut
764 3206 850 3266 supra
870 3187 1140 3259 demonstravimus,
1154 3208 1187 3258 30

132 3289 315 3348 *munitionis
335 3306 423 3347 causa
438 3298 641 3358 convenerant,
656 3287 750 3364 primo
769 3287 908 3350 exaudito
921 3285 1056 3354 clamore,
1070 3285 1139 3346 inde

147 3387 234 3446 etiam
259 3386 366 3446 crebris
390 3387 498 3446 nuntiis
522 3387 639 3458 incitati,
664 3385 806 3463 oppidum
830 3405 848 3444 a
873 3383 1014 3443 Romanis
1038 3386 1140 3458 teneri,

147 3485 313 3561 praemissis
348 3485 493 3562 equitibus
527 3503 638 3563 magno
671 3502 816 3545 concursu
848 3501 895 3564 eos
920 3483 1140 3568 contenderunt.
