2686 3910
216 194 276 276 178
552 212 580 259 c.
603 211 696 258 rurrr
717 209 889 259 euasurus
971 235 977 246 -
1156 211 1216 256 vrr.

112 403 114 406 -
213 359 371 431 accedunt3
400 359 496 420 fundis
521 361 660 421 librilibus
683 362 869 438 sudibusque,
891 379 963 437 quas
987 361 1017 418 in
1041 379 1130 437 opere
1156 359 1216 418 dis·

213 467 380 533 posuerant,
415 478 450 518 ac
485 461 640 536 glandibus
680 461 782 520 Gallos
823 468 995 538 proterrent.
1050 458 1217 534 Prospectu

214 558 340 633 tenebris
375 557 513 635 adempto
553 560 643 617 multa
682 561 827 635 utrimque
866 558 986 618 vulnera
1025 558 1217 634 accipiuntur.

216 654 375 731 Complura
395 659 546 716 tormentis
564 657 621 716 tela
640 659 830 717 coniciuntur.
872 659 912 716 At
931 657 1050 716 Marcus
1069 655 1218 713 Antonius

187 764 244 820 set
265 752 356 812 Gaius
377 754 544 814 Trebonius
565 757 660 834 legati,
676 757 780 834 quibus
801 756 856 814 hae
877 767 974 832 partes
995 755 1034 814 ad
1055 753 1218 813 defenden-

215 852 286 911 dum
307 853 494 925 obvenerant,
514 873 572 930 qua
593 875 629 914 ex
651 866 732 932 parte
753 865 871 914 nostros
892 855 985 930 premi
1006 853 1219 920 intellexerant,

214 952 259 1009 his
283 950 388 1008 auxilio
413 970 450 1009 ex
475 953 656 1014 ulterioribus
682 954 804 1013 castellis
828 953 970 1012 deductos
999 952 1217 1011 submittebant.

216 1055 268 1108 82.
290 1048 369 1106 Dum
389 1049 504 1126 longius
524 1053 561 1109 ab
580 1053 741 1110 munitione
762 1053 883 1109 aberant
902 1049 987 1121 Galli,
1002 1051 1067 1126 plus
1087 1050 1219 1107 multitu·

216 1149 283 1206 dine
298 1147 420 1206 telorum
435 1149 643 1225 proficiebant;
665 1161 857 1227 posteaquam
871 1149 992 1225 propius
1004 1157 1219 1217 successerunt,

175 1267 205 1302 10
217 1257 266 1303 aut
285 1264 316 1304 se
338 1246 459 1306 stimulis
480 1248 667 1325 inopinantes
688 1248 847 1307 induebant
869 1248 969 1304 autin
991 1247 1109 1307 scrobes
1131 1245 1220 1304 delati

217 1344 484 1403 transfodiebantur
502 1356 552 1405 aut
567 1366 602 1406 ex
621 1347 696 1406 vallo
711 1356 740 1406 et
759 1347 882 1406 turribus
902 1346 1011 1404 traiecti
1025 1345 1090 1422 pilis
1103 1344 1220 1402 murali-

217 1444 273 1500 bus
301 1443 463 1502 interibant.
506 1445 606 1504 Multis
633 1447 762 1521 undique
789 1445 954 1503 vulneribus
982 1443 1108 1519 acceptis
1140 1441 1220 1500 nulla

218 1540 379 1599 munitione
400 1554 543 1620 perrupta,
565 1563 632 1603 cum
653 1544 703 1602 lux
725 1552 884 1621 appeteret,
905 1541 993 1613 veriti,
1013 1560 1050 1600 ne
1068 1541 1110 1598 'ab
1130 1539 1219 1599 latere

220 1649 319 1716 aperto
347 1660 383 1699 ex
412 1644 607 1720 superioribus
635 1645 734 1702 castris
757 1643 907 1719 eruptione
932 1640 1215 1708 circumvenirentur,

178 1755 206 1805 15
220 1757 251 1796 se
280 1739 317 1796 ad
345 1757 414 1798 suos
441 1753 619 1821 receperunt
672 1743 712 1801 At
739 1743 896 1812 interiores
924 1739 996 1798 dum
1024 1758 1068 1806 ea,
1097 1755 1173 1813 quae
1202 1755 1220 1793 a

220 1837 459 1916 Vercingetorige
479 1841 517 1899 ad
542 1843 724 1918 eruptionem
751 1848 921 1917 praeparata
949 1847 1038 1908 erant,
1059 1836 1219 1912 proferunt,

221 1936 330 2012 priores
353 1936 447 1996 fossas
471 1941 597 2016 explent,
620 1940 725 1999 diutius
750 1939 780 1996 in
804 1938 850 1995 his
875 1938 960 1995 rebus
986 1930 1220 1995 administrandis

211 2035 325 2092 morati
355 2036 435 2111 prius
463 2055 533 2096 suos
565 2038 733 2096 discessisse
765 2043 973 2111 cognoverunt,
1002 2051 1090 2110 quam
1124 2032 1220 2090 muni-

222 2134 348 2192 tionibus
364 2136 639 2213 appropinquarent.
681 2136 727 2194 Ita
742 2154 773 2193 re
787 2133 893 2193 infecta
910 2136 940 2192 in
961 2133 1104 2210 oppidum
1125 2150 1219 2190 rever-

181 2252 211 2287 ao
222 2242 325 2292 terunt.

266 2336 318 2389 83.
340 2330 390 2390 Bis
407 2350 516 2408 magno
536 2351 603 2392 cum
622 2333 793 2392 detrimento
815 2331 921 2408 repulsi
939 2329 1023 2400 Galli,
1039 2329 1107 2405 quid
1122 2339 1218 2404 agant,

225 2429 395 2502 consulunt;
424 2431 555 2490 locorum
583 2433 692 2508 peritos
720 2431 874 2490 adhibent:
902 2448 939 2487 ex
966 2428 1011 2486 his
1040 2428 1218 2502 superiomm

225 2535 385 2585 castrorum
413 2529 483 2588 situs
510 2531 744 2607 munitionesque
771 2537 961 2605 cognoscunt.
1013 2526 1083 2584 Erat
1110 2545 1128 2584 a
1156 2543 1219 2601 sep-

225 2624 416 2686 tentrionibus
445 2629 532 2698 collis,
562 2648 649 2705 quem
677 2639 796 2705 propter
829 2625 1059 2702 magnitudinem
1087 2607 1219 2682 circuitus

182 2747 211 2796 ²5
225 2740 314 2799 opere
336 2725 531 2804 circumplecti
552 2747 613 2786 non
633 2737 787 2804 potuerant
808 2727 914 2785 nostri:
943 2723 1106 2782 necessario
1127 2740 1220 2797 paene

224 2824 324 2899 iniquo
346 2824 412 2883 loco
434 2837 463 2884 et
483 2826 585 2885 leniter
606 2827 706 2886 declivi
727 2836 821 2885 castra
841 2809 980 2884 fecerunt.
1023 2821 1107 2880 Haec
1129 2820 1221 2880 Gaius

224 2923 367 2982 Antistius
397 2923 527 3002 Reginus
555 2936 593 2985 et·
611 2925 702 2985 Gaius
732 2924 871 2984 Caninius
899 2921 1019 2980 Rebilus
1043 2920 1130 2996 legati
1154 2937 1221 2977 curn

224 3021 338 3080 duabus
367 3023 529 3100 legionibus
557 3025 734 3083 obtinebant.
777 3022 911 3098 Cognitis
945 3039 998 3097 per
1025 3018 1222 3095 exploratores

223 3121 394 3197 regionibus
409 3123 497 3183 duces
511 3124 639 3182 hostium
653 3141 693 3180 nx
712 3122 790 3179 milia
804 3140 841 3179 ex
855 3119 937 3178 omni
956 3135 1077 3176 numero
1092 3116 1222 3194 deligunt

180 3239 211 3287 50
224 3238 324 3278 earum
350 3221 604 3304 civitatumquae
629 3222 787 3279 maximam
811 3219 922 3278 virtutis
943 3218 1111 3294 opinionem
1133 3215 1221 3274 habe-

224 3320 312 3390 bant3
335 3320 406 3395 quid
425 3339 542 3396 quoque
563 3331 650 3396 pacto
670 3319 717 3396 agi
738 3319 859 3396 placeat,
874 3317 987 3377 occulte
1006 3317 1079 3374 inter
1098 3334 1130 3374 se
1150 3334 1220 3379 con.

224 3417 362 3489 stituunt;
399 3419 524 3478 adeundi
559 3428 675 3495 tempus
710 3417 858 3487 definiunt,
887 3434 954 3474 cum
988 3414 1123 3474 meridies
1158 3432 1222 3472 esse

223 3512 361 3574 videatur.
404 3517 461 3577 His
489 3519 581 3596 copiis
608 3516 906 3576 Vercassivellaunum
934 3515 1105 3584 Arvernum,
1131 3529 1221 3572 unum
