2650 3918
187 175 229 242 74
391 189 393 192 ·
508 176 538 226 u.
561 177 655 224 rurrr
677 173 850 226 crusnam
1136 167 1181 222 rv.

187 324 331 384 Ubiorum
352 325 467 402 recepit,
490 334 576 402 atque
600 326 634 384 iis
656 325 793 385 auxilium
816 343 902 385 suum
926 323 1079 402 pollicitus,
1098 324 1124 384 si
1146 323 1184 384 ab

190 423 293 482 Suebis
314 434 520 500 premerentur,
540 425 613 484 haee
634 425 672 482 ab
693 425 727 483 iis
749 427 902 502 cognovit:
925 423 1047 496 Suebos,
1067 433 1193 500 postea.

189 541 277 600 quam
296 542 347 600 per
365 523 564 600 exploratores
583 534 703 600 pontem
722 523 783 581 fieri
802 524 1019 600 comperissent,
1033 539 1115 580 more
1129 540 1184 580 suo

190 621 312 681 concilio
337 622 436 680 habito
462 623 579 682 nuntios
603 623 634 680 in
658 640 762 680 omnes
786 632 883 698 partes
907 622 1059 692 dimisisse,
1081 621 1123 679 uti
1148 621 1185 680 de

161 719 306 797 soppidis
327 711 529 796 demigrarent,
550 705 656 779 liberos
677 739 782 779 uxores
803 739 914 796 suaque
936 721 1036 779 omnia
1056 721 1087 778 in
1108 719 1185 778 silvis

191 819 380 897 deponerent,
406 828 492 895 atque
516 837 629 892 omnes,
654 819 704 894 qui
732 837 812 878 amia
839 819 912 878 ferre
939 827 1069 895 possent,
1093 821 1186 876 unum

190 920 221 978 in
248 917 346 976 locum
373 917 577 975 convenirent:
608 917 687 976 hune
711 935 776 976 esse
805 917 949 976 delectum
972 917 1102 976 medium
1126 915 1186 975 fere

191 1017 344 1094 regionum
368 1033 475 1086 earum,
497 1031 569 1090 quas
595 1009 683 1074 Suebi
704 1015 882 1074 obtinerent:
915 1015 962 1078 hic
983 1015 1187 1074 Romanorum

191 1116 348 1175 adventum
362 1120 530 1190 exspectare
546 1123 631 1189 atque
649 1114 688 1172 ibi
702 1114 848 1172 decertare
863 1115 1053 1174 constituisse.
1096 1112 1187 1184 Quod

148 1228 176 1264 10
190 1217 240 1274 ubi
261 1213 370 1272 Caesar
394 1212 544 1288 comperit,
566 1213 703 1271 omnibus
727 1214 813 1271 rebus
838 1213 872 1271 iis
894 1213 1042 1285 confectis,
1065 1230 1187 1290 quarum

191 1331 285 1383 rerum
307 1329 395 1370 causa
415 1310 564 1370 traducere
586 1312 744 1370 exercitum
765 1313 962 1383 constituerat,
981 1321 1013 1370 ut
1032 1309 1186 1370 Germanis

190 1420 302 1469 metum
330 1410 457 1480 iniceret,
480 1419 512 1468 ut
537 1399 716 1486 Sugambros
740 1411 932 1482 ulcisceretur,
958 1421 989 1469 ut
1013 1409 1108 1468 Ubios
1132 1410 1186 1467 ob-

191 1510 304 1568 sidione
317 1510 458 1582 liberaret,
470 1509 571 1568 diebus
583 1509 705 1567 omnino
718 1509 822 1568 decem
836 1517 864 1568 et
875 1519 943 1568 octo
955 1519 1034 1567 trans
1050 1507 1187 1566 Rhenum

191 1609 373 1686 consumptis
399 1608 468 1667 satis
489 1617 518 1667 et
542 1608 580 1666 ad
601 1607 716 1666 laudem
741 1617 770 1666 et
791 1607 829 1667 ad
849 1608 1000 1666 utilitatem
1025 1605 1188 1684 profectum

148 1717 176 1772 ¹5
192 1709 343 1766 arbitratus
358 1727 388 1766 se
402 1708 433 1766 in
447 1707 571 1766 Galliam
585 1704 693 1781 recepit
707 1716 885 1784 pontemque
900 1705 1025 1764 rescidit.

233 1813 288 1866 20.
309 1807 423 1882 Exigua
437 1816 518 1882 parte
538 1805 653 1864 aestatis
672 1805 781 1880 reliqua
794 1803 911 1876 Caesar,
926 1804 979 1863 etsi
999 1804 1029 1861 in
1042 1802 1088 1862 his
1106 1802 1188 1872 locist,

193 1906 273 1983 quod
297 1905 394 1963 omnis
419 1904 514 1962 Gallia
527 1903 576 1961 ‘ad
603 1903 815 1979 septentriones
838 1903 939 1980 vergit,
964 1911 1093 1960 maturae
1121 1909 1189 1959 sunt

193 2005 312 2075 hiemeS,
324 2014 422 2062 tamen
437 2003 467 2060 in
481 2001 659 2072 Britanniam
675 1997 819 2077 proficisci
832 2000 988 2072 contendit,
1000 1999 1081 2076 quod
1094 1999 1189 2058 omni-

193 2106 248 2163 bus
272 2102 331 2162 fere
357 2101 476 2162 Gallicis
497 2101 578 2160 bellis
602 2101 734 2159 hostibus
756 2101 862 2159 nostris
883 2100 952 2159 inde
975 2098 1190 2158 subministrata

150 2235 180 2268 20
194 2202 299 2260 auxilia
316 2201 500 2278 intellegebat
519 2209 556 2271 et,
576 2199 600 2258 si
619 2208 734 2277 tempus
751 2199 820 2256 anni
840 2199 878 2257 ad
898 2198 1007 2256 bellum
1027 2195 1190 2274 gerendum
1204 2261 1213 2268 .,

194 2301 337 2370 deficeret,
352 2310 451 2358 tamen
471 2317 582 2374 magno
603 2299 659 2357 sibi
679 2298 744 2356 usui
764 2297 825 2356 fore
844 2297 1042 2367 arbitrabatur,
1057 2296 1081 2354 si
1098 2295 1188 2353 modo

124 2457 126 2462 ,
194 2398 319 2456 insulam
335 2399 441 2456 adisset
455 2407 484 2454 et
502 2414 596 2472 genus
610 2396 762 2455 hominum
776 2395 977 2471 perspexisset,
991 2395 1064 2466 loca,
1079 2403 1189 2470 portus,

194 2497 288 2554 aditus
307 2495 508 2572 cognovisset;
531 2512 605 2570 quae
624 2493 724 2552 omnia
743 2493 802 2552 fere
824 2492 915 2553 Gallis
936 2503 1017 2551 erant
1030 2492 1190 2568 incognita.
1211 2543 1216 2553 .

211 2613 300 2672 ,eque
320 2614 336 2653 e
361 2595 366 2607 ”
421 2603 529 2651 temere
550 2603 663 2668 praeter
684 2601 858 2650 mercatores
879 2591 927 2650 illo
949 2590 1008 2648 adit
1025 2591 1190 2666 quisquam,

150 2726 162 2760 2
166 2723 179 2774 5
194 2674 342 2770 nequ'ewiis
361 2693 432 2769 ipsis
451 2693 607 2768 quicquam
621 2701 733 2767 praeter
751 2707 834 2749 oram
847 2689 1020 2746 maritimam
1039 2699 1126 2764 atque
1140 2705 1191 2746 eas

194 2793 338 2868 regiones,
367 2810 442 2868 quae
474 2801 542 2849 sunt
572 2800 674 2850 contra
702 2789 818 2860 Gallias,
848 2797 950 2847 notum
981 2796 1032 2846 est.
1088 2785 1191 2860 Itaque

195 2891 303 2950 vocatis
325 2892 363 2950 ad
384 2909 415 2950 se
435 2891 565 2966 undique
584 2888 790 2947 mercatoribus
805 2905 904 2964 neque
923 2896 1033 2962 quanta
1051 2895 1127 2943 esset
1146 2885 1191 2942 in-

196 2991 275 3050 sulae
290 2989 470 3066 magnitudo,
485 3005 580 3064 neque
592 3005 666 3064 quae
678 2995 726 3044 aut
740 2995 866 3062 quantae
876 2986 1009 3044 nationes
1023 2982 1194 3053 incolerent,
1251 3053 1254 3060 .

196 3108 291 3167 neque
301 3108 389 3166 quem
398 3107 483 3147 usum
492 3087 560 3146 belli
569 3088 709 3146 haberent
720 3095 768 3143 aut
778 3085 882 3162 quibus
890 3083 1026 3142 institutis
1036 3089 1192 3152 uterentur,

152 3213 183 3261 30
196 3208 292 3265 neque
317 3188 366 3265 qui
390 3196 489 3246 essent
508 3186 546 3245 ad
565 3186 706 3244 maiorem
727 3184 844 3242 navium
864 3181 1075 3240 multitudinem
1094 3179 1194 3238 idonei

197 3297 308 3364 portuS,
327 3287 451 3363 reperire
473 3293 594 3361 poterat.
637 3289 684 3342 21.
706 3282 755 3340 Ad
772 3282 845 3340 haec
866 3280 1082 3358 cognoscenda,
1100 3279 1194 3354 prius-

197 3404 285 3462 quam
314 3385 472 3462 periculum
502 3383 617 3453 iaceret,
644 3382 784 3440 idoneum
812 3399 874 3440 esse
902 3380 1053 3438 arbitratus
1086 3377 1195 3437 Gaium
1246 3377 1250 3382 ’

199 3482 380 3540 Volusenum
405 3499 472 3540 cum
496 3480 561 3541 navi
585 3480 677 3557 longa
700 3479 863 3556 praemittit.
905 3475 984 3536 Huic
1011 3476 1140 3549 mandat,
1162 3485 1195 3536 ut
