<?xml version="1.0" encoding="UTF-8"?>
<!DOCTYPE html PUBLIC "-//W3C//DTD XHTML 1.0 Transitional//EN"
    "http://www.w3.org/TR/xhtml1/DTD/xhtml1-transitional.dtd">
<html xmlns="http://www.w3.org/1999/xhtml" xml:lang="en" lang="en">
 <head>
  <title>
</title>
<meta http-equiv="Content-Type" content="text/html;charset=utf-8" />
  <meta name='ocr-system' content='tesseract 3.04.00' />
  <meta name='ocr-capabilities' content='ocr_page ocr_carea ocr_par ocr_line ocrx_word'/>
</head>
<body>
  <div class='ocr_page' id='page_1' title='image "./commentariescju00hirtgoog_0115.png"; bbox 0 0 2650 3918; ppageno 0'>
   <div class='ocr_carea' id='block_1_1' title="bbox 194 191 1256 277">
    <p class='ocr_par' dir='ltr' id='par_1_1' title="bbox 194 191 1256 277">
     <span class='ocr_line' id='line_1_1' title="bbox 194 191 1256 277; baseline 0.002 -21"><span class='ocrx_word' id='word_1_1' title='bbox 194 191 236 275; x_wconf 80' lang='lat'>78</span> <span class='ocrx_word' id='word_1_2' title='bbox 519 209 548 258; x_wconf 87' lang='lat' dir='ltr'>c.</span> <span class='ocrx_word' id='word_1_3' title='bbox 573 205 667 258; x_wconf 83' lang='lat' dir='ltr'>rmrr</span> <span class='ocrx_word' id='word_1_4' title='bbox 688 206 861 258; x_wconf 74' lang='lat' dir='ltr'>erasmus</span> <span class='ocrx_word' id='word_1_5' title='bbox 1086 211 1088 216; x_wconf 56' lang='lat'><strong><em>¹</em></strong></span> <span class='ocrx_word' id='word_1_6' title='bbox 1149 208 1196 258; x_wconf 86' lang='lat' dir='ltr'>rr.</span> <span class='ocrx_word' id='word_1_7' title='bbox 1254 271 1256 277; x_wconf 22' lang='lat'><strong>¹</strong></span> 
     </span>
    </p>
   </div>
   <div class='ocr_carea' id='block_1_2' title="bbox 117 358 1197 2016">
    <p class='ocr_par' dir='ltr' id='par_1_2' title="bbox 117 358 1197 2016">
     <span class='ocr_line' id='line_1_2' title="bbox 196 358 1196 436; baseline -0.002 -18"><span class='ocrx_word' id='word_1_8' title='bbox 196 360 350 434; x_wconf 83' lang='lat' dir='ltr'>longarum</span> <span class='ocrx_word' id='word_1_9' title='bbox 374 359 499 431; x_wconf 90' lang='lat' dir='ltr'>navium,</span> <span class='ocrx_word' id='word_1_10' title='bbox 521 360 589 418; x_wconf 92' lang='lat' dir='ltr'>item</span> <span class='ocrx_word' id='word_1_11' title='bbox 611 359 802 436; x_wconf 87' lang='lat' dir='ltr'>speculatoria</span> <span class='ocrx_word' id='word_1_12' title='bbox 821 358 936 435; x_wconf 79' lang='lat' dir='ltr'>navigia</span> <span class='ocrx_word' id='word_1_13' title='bbox 956 358 1092 418; x_wconf 81' lang='lat' dir='ltr'>mssitibus</span> <span class='ocrx_word' id='word_1_14' title='bbox 1111 375 1196 418; x_wconf 88' lang='lat' dir='ltr'>com-</span> 
     </span>
     <span class='ocr_line' id='line_1_3' title="bbox 194 457 1196 536; baseline 0.003 -21"><span class='ocrx_word' id='word_1_15' title='bbox 194 458 265 536; x_wconf 91' lang='lat' dir='ltr'>pleri</span> <span class='ocrx_word' id='word_1_16' title='bbox 293 457 376 517; x_wconf 93' lang='lat' dir='ltr'>iussit</span> <span class='ocrx_word' id='word_1_17' title='bbox 402 468 439 532; x_wconf 90' lang='lat' dir='ltr'>et,</span> <span class='ocrx_word' id='word_1_18' title='bbox 467 477 542 536; x_wconf 92' lang='lat' dir='ltr'>quos</span> <span class='ocrx_word' id='word_1_19' title='bbox 568 460 736 518; x_wconf 88' lang='lat' dir='ltr'>laborantes</span> <span class='ocrx_word' id='word_1_20' title='bbox 763 466 965 534; x_wconf 83' lang='lat' dir='ltr'>conspexerat,</span> <span class='ocrx_word' id='word_1_21' title='bbox 993 457 1038 516; x_wconf 90' lang='lat' dir='ltr'>his</span> <span class='ocrx_word' id='word_1_22' title='bbox 1064 459 1196 518; x_wconf 90' lang='lat' dir='ltr'>subsidia</span> 
     </span>
     <span class='ocr_line' id='line_1_4' title="bbox 194 555 1197 629; baseline 0.002 -15"><span class='ocrx_word' id='word_1_23' title='bbox 194 556 386 615; x_wconf 75' lang='lat' dir='ltr'>submittebat</span> <span class='ocrx_word' id='word_1_24' title='bbox 429 556 539 629; x_wconf 86' lang='lat' dir='ltr'>Nostri,</span> <span class='ocrx_word' id='word_1_25' title='bbox 554 558 639 617; x_wconf 90' lang='lat' dir='ltr'>simul</span> <span class='ocrx_word' id='word_1_26' title='bbox 657 557 688 614; x_wconf 91' lang='lat' dir='ltr'>in</span> <span class='ocrx_word' id='word_1_27' title='bbox 707 557 788 616; x_wconf 92' lang='lat' dir='ltr'>arido</span> <span class='ocrx_word' id='word_1_28' title='bbox 808 555 1007 626; x_wconf 85' lang='lat' dir='ltr'>constiterunt,</span> <span class='ocrx_word' id='word_1_29' title='bbox 1023 557 1082 615; x_wconf 87' lang='lat' dir='ltr'>suis</span> <span class='ocrx_word' id='word_1_30' title='bbox 1097 559 1197 617; x_wconf 87' lang='lat' dir='ltr'>onmi-</span> 
     </span>
     <span class='ocr_line' id='line_1_5' title="bbox 117 655 1194 733; baseline 0 -19"><span class='ocrx_word' id='word_1_31' title='bbox 117 659 128 670; x_wconf 88' lang='grc'><strong>“</strong></span> <span class='ocrx_word' id='word_1_32' title='bbox 193 656 248 715; x_wconf 89' lang='lat' dir='ltr'>bus</span> <span class='ocrx_word' id='word_1_33' title='bbox 262 656 424 714; x_wconf 88' lang='lat' dir='ltr'>consecutis</span> <span class='ocrx_word' id='word_1_34' title='bbox 437 657 468 714; x_wconf 90' lang='lat' dir='ltr'>in</span> <span class='ocrx_word' id='word_1_35' title='bbox 478 656 576 714; x_wconf 90' lang='lat' dir='ltr'>hostes</span> <span class='ocrx_word' id='word_1_36' title='bbox 590 657 730 731; x_wconf 89' lang='lat' dir='ltr'>impetum</span> <span class='ocrx_word' id='word_1_37' title='bbox 745 655 875 714; x_wconf 86' lang='lat' dir='ltr'>fecerunt</span> <span class='ocrx_word' id='word_1_38' title='bbox 885 665 971 733; x_wconf 89' lang='lat' dir='ltr'>atque</span> <span class='ocrx_word' id='word_1_39' title='bbox 983 671 1035 713; x_wconf 92' lang='lat' dir='ltr'>eos</span> <span class='ocrx_word' id='word_1_40' title='bbox 1049 655 1080 712; x_wconf 91' lang='lat' dir='ltr'>in</span> <span class='ocrx_word' id='word_1_41' title='bbox 1090 655 1194 732; x_wconf 84' lang='lat' dir='ltr'>fugam</span> 
     </span>
     <span class='ocr_line' id='line_1_6' title="bbox 166 753 1194 832; baseline 0.002 -20"><span class='ocrx_word' id='word_1_42' title='bbox 166 753 342 828; x_wconf 77' lang='lat' dir='ltr'>sdederunt,</span> <span class='ocrx_word' id='word_1_43' title='bbox 364 773 459 832; x_wconf 91' lang='lat' dir='ltr'>neque</span> <span class='ocrx_word' id='word_1_44' title='bbox 486 755 601 831; x_wconf 85' lang='lat' dir='ltr'>longius</span> <span class='ocrx_word' id='word_1_45' title='bbox 629 755 767 831; x_wconf 85' lang='lat' dir='ltr'>prosequi</span> <span class='ocrx_word' id='word_1_46' title='bbox 792 763 956 829; x_wconf 87' lang='lat' dir='ltr'>potuerunt,</span> <span class='ocrx_word' id='word_1_47' title='bbox 978 753 1059 830; x_wconf 93' lang='lat' dir='ltr'>quod</span> <span class='ocrx_word' id='word_1_48' title='bbox 1079 756 1194 831; x_wconf 89' lang='lat' dir='ltr'>equites</span> 
     </span>
     <span class='ocr_line' id='line_1_7' title="bbox 193 852 1194 930; baseline 0 -18"><span class='ocrx_word' id='word_1_49' title='bbox 193 872 310 913; x_wconf 88' lang='lat' dir='ltr'>cursum</span> <span class='ocrx_word' id='word_1_50' title='bbox 330 864 427 912; x_wconf 92' lang='lat' dir='ltr'>tenere</span> <span class='ocrx_word' id='word_1_51' title='bbox 448 863 534 930; x_wconf 89' lang='lat' dir='ltr'>atque</span> <span class='ocrx_word' id='word_1_52' title='bbox 556 853 680 912; x_wconf 88' lang='lat' dir='ltr'>insulam</span> <span class='ocrx_word' id='word_1_53' title='bbox 705 871 809 929; x_wconf 85' lang='lat' dir='ltr'>capere</span> <span class='ocrx_word' id='word_1_54' title='bbox 830 869 891 910; x_wconf 89' lang='lat' dir='ltr'>non</span> <span class='ocrx_word' id='word_1_55' title='bbox 916 860 1078 928; x_wconf 91' lang='lat' dir='ltr'>potuerant.</span> <span class='ocrx_word' id='word_1_56' title='bbox 1120 852 1194 912; x_wconf 90' lang='lat' dir='ltr'>Hoc</span> 
     </span>
     <span class='ocr_line' id='line_1_8' title="bbox 192 950 1193 1030; baseline 0 -19"><span class='ocrx_word' id='word_1_57' title='bbox 192 971 284 1012; x_wconf 88' lang='lat' dir='ltr'>unum</span> <span class='ocrx_word' id='word_1_58' title='bbox 309 952 347 1011; x_wconf 91' lang='lat' dir='ltr'>ad</span> <span class='ocrx_word' id='word_1_59' title='bbox 370 952 521 1030; x_wconf 84' lang='lat' dir='ltr'>pristinam</span> <span class='ocrx_word' id='word_1_60' title='bbox 548 952 694 1010; x_wconf 84' lang='lat' dir='ltr'>fortunam</span> <span class='ocrx_word' id='word_1_61' title='bbox 718 950 837 1010; x_wconf 80' lang='lat' dir='ltr'>Caesari</span> <span class='ocrx_word' id='word_1_62' title='bbox 864 950 963 1010; x_wconf 87' lang='lat' dir='ltr'>defuit.</span> <span class='ocrx_word' id='word_1_63' title='bbox 1006 957 1056 1012; x_wconf 72' lang='lat'>2⁷.</span> <span class='ocrx_word' id='word_1_64' title='bbox 1078 950 1193 1011; x_wconf 83' lang='lat' dir='ltr'>Hostes</span> 
     </span>
     <span class='ocr_line' id='line_1_9' title="bbox 192 1050 1193 1129; baseline 0.001 -21"><span class='ocrx_word' id='word_1_65' title='bbox 192 1051 303 1128; x_wconf 91' lang='lat' dir='ltr'>proelio</span> <span class='ocrx_word' id='word_1_66' title='bbox 318 1051 451 1126; x_wconf 90' lang='lat' dir='ltr'>superati,</span> <span class='ocrx_word' id='word_1_67' title='bbox 466 1051 551 1110; x_wconf 90' lang='lat' dir='ltr'>simul</span> <span class='ocrx_word' id='word_1_68' title='bbox 565 1060 652 1129; x_wconf 90' lang='lat' dir='ltr'>atque</span> <span class='ocrx_word' id='word_1_69' title='bbox 666 1069 697 1109; x_wconf 90' lang='lat' dir='ltr'>se</span> <span class='ocrx_word' id='word_1_70' title='bbox 712 1069 749 1110; x_wconf 85' lang='lat' dir='ltr'>ex</span> <span class='ocrx_word' id='word_1_71' title='bbox 763 1050 832 1126; x_wconf 81' lang='lat' dir='ltr'>suga</span> <span class='ocrx_word' id='word_1_72' title='bbox 846 1059 1025 1126; x_wconf 89' lang='lat' dir='ltr'>receperunt,</span> <span class='ocrx_word' id='word_1_73' title='bbox 1041 1050 1138 1108; x_wconf 87' lang='lat' dir='ltr'>statim</span> <span class='ocrx_word' id='word_1_74' title='bbox 1152 1051 1193 1109; x_wconf 89' lang='lat' dir='ltr'>ad</span> 
     </span>
     <span class='ocr_line' id='line_1_10' title="bbox 193 1148 1191 1226; baseline -0.001 -18"><span class='ocrx_word' id='word_1_75' title='bbox 193 1148 349 1208; x_wconf 88' lang='lat' dir='ltr'>Caesarem</span> <span class='ocrx_word' id='word_1_76' title='bbox 363 1149 474 1225; x_wconf 82' lang='lat' dir='ltr'>legatos</span> <span class='ocrx_word' id='word_1_77' title='bbox 489 1149 525 1207; x_wconf 91' lang='lat' dir='ltr'>de</span> <span class='ocrx_word' id='word_1_78' title='bbox 539 1167 611 1226; x_wconf 91' lang='lat' dir='ltr'>pace</span> <span class='ocrx_word' id='word_1_79' title='bbox 625 1149 774 1219; x_wconf 86' lang='lat' dir='ltr'>miserunt,</span> <span class='ocrx_word' id='word_1_80' title='bbox 790 1148 909 1208; x_wconf 89' lang='lat' dir='ltr'>obsides</span> <span class='ocrx_word' id='word_1_81' title='bbox 924 1148 1041 1206; x_wconf 89' lang='lat' dir='ltr'>daturos</span> <span class='ocrx_word' id='word_1_82' title='bbox 1056 1166 1191 1224; x_wconf 89' lang='lat' dir='ltr'>quaeque</span> 
     </span>
     <span class='ocr_line' id='line_1_11' title="bbox 147 1243 1191 1324; baseline 0.006 -24"><span class='ocrx_word' id='word_1_83' title='bbox 147 1264 178 1300; x_wconf 87' lang='grc' dir='ltr'>ιο</span> <span class='ocrx_word' id='word_1_84' title='bbox 191 1247 361 1322; x_wconf 87' lang='lat' dir='ltr'>imperasset</span> <span class='ocrx_word' id='word_1_85' title='bbox 379 1245 508 1306; x_wconf 85' lang='lat' dir='ltr'>facturos</span> <span class='ocrx_word' id='word_1_86' title='bbox 527 1265 592 1306; x_wconf 85' lang='lat' dir='ltr'>esse</span> <span class='ocrx_word' id='word_1_87' title='bbox 606 1247 725 1324; x_wconf 83' lang='lat' dir='ltr'>polliciti</span> <span class='ocrx_word' id='word_1_88' title='bbox 744 1243 820 1306; x_wconf 75' lang='lat' dir='ltr'>sunt</span> <span class='ocrx_word' id='word_1_89' title='bbox 862 1247 930 1305; x_wconf 89' lang='lat' dir='ltr'>Una</span> <span class='ocrx_word' id='word_1_90' title='bbox 947 1265 1015 1306; x_wconf 89' lang='lat' dir='ltr'>cum</span> <span class='ocrx_word' id='word_1_91' title='bbox 1029 1245 1073 1304; x_wconf 91' lang='lat' dir='ltr'>his</span> <span class='ocrx_word' id='word_1_92' title='bbox 1086 1246 1191 1321; x_wconf 81' lang='lat' dir='ltr'>legatis</span> 
     </span>
     <span class='ocr_line' id='line_1_12' title="bbox 191 1345 1191 1423; baseline 0 -19"><span class='ocrx_word' id='word_1_93' title='bbox 191 1345 343 1405; x_wconf 90' lang='lat' dir='ltr'>Commius</span> <span class='ocrx_word' id='word_1_94' title='bbox 370 1345 495 1406; x_wconf 84' lang='lat' dir='ltr'>Atrebas</span> <span class='ocrx_word' id='word_1_95' title='bbox 522 1347 607 1418; x_wconf 91' lang='lat' dir='ltr'>venit,</span> <span class='ocrx_word' id='word_1_96' title='bbox 636 1365 724 1423; x_wconf 90' lang='lat' dir='ltr'>quem</span> <span class='ocrx_word' id='word_1_97' title='bbox 753 1365 840 1423; x_wconf 85' lang='lat' dir='ltr'>supra</span> <span class='ocrx_word' id='word_1_98' title='bbox 873 1347 1152 1405; x_wconf 84' lang='lat' dir='ltr'>demonstraveram.</span> <span class='ocrx_word' id='word_1_99' title='bbox 1170 1363 1191 1404; x_wconf 86' lang='lat' dir='ltr'>a</span> 
     </span>
     <span class='ocr_line' id='line_1_13' title="bbox 190 1444 1188 1524; baseline -0.001 -21"><span class='ocrx_word' id='word_1_100' title='bbox 190 1444 314 1504; x_wconf 84' lang='lat' dir='ltr'>Caesare</span> <span class='ocrx_word' id='word_1_101' title='bbox 327 1445 357 1502; x_wconf 90' lang='lat' dir='ltr'>in</span> <span class='ocrx_word' id='word_1_102' title='bbox 371 1445 552 1504; x_wconf 85' lang='lat' dir='ltr'>Britanniam</span> <span class='ocrx_word' id='word_1_103' title='bbox 565 1447 766 1524; x_wconf 87' lang='lat' dir='ltr'>praemissum.</span> <span class='ocrx_word' id='word_1_104' title='bbox 809 1445 900 1504; x_wconf 91' lang='lat' dir='ltr'>Hunc</span> <span class='ocrx_word' id='word_1_105' title='bbox 913 1444 955 1503; x_wconf 92' lang='lat' dir='ltr'>illi</span> <span class='ocrx_word' id='word_1_106' title='bbox 973 1463 990 1502; x_wconf 95' lang='lat' dir='ltr'>e</span> <span class='ocrx_word' id='word_1_107' title='bbox 1004 1446 1071 1502; x_wconf 89' lang='lat' dir='ltr'>navi</span> <span class='ocrx_word' id='word_1_108' title='bbox 1090 1462 1188 1520; x_wconf 67' lang='lat' dir='ltr'>egres</span> 
     </span>
     <span class='ocr_line' id='line_1_14' title="bbox 190 1541 1188 1616; baseline -0.002 -14"><span class='ocrx_word' id='word_1_109' title='bbox 190 1561 263 1616; x_wconf 89' lang='lat' dir='ltr'>sum,</span> <span class='ocrx_word' id='word_1_110' title='bbox 279 1561 346 1602; x_wconf 90' lang='lat' dir='ltr'>cum</span> <span class='ocrx_word' id='word_1_111' title='bbox 365 1543 403 1602; x_wconf 92' lang='lat' dir='ltr'>ad</span> <span class='ocrx_word' id='word_1_112' title='bbox 422 1561 475 1604; x_wconf 90' lang='lat' dir='ltr'>eos</span> <span class='ocrx_word' id='word_1_113' title='bbox 493 1544 616 1602; x_wconf 85' lang='lat' dir='ltr'>oratoris</span> <span class='ocrx_word' id='word_1_114' title='bbox 634 1543 726 1603; x_wconf 90' lang='lat' dir='ltr'>modo</span> <span class='ocrx_word' id='word_1_115' title='bbox 745 1543 878 1602; x_wconf 85' lang='lat' dir='ltr'>Caesaris</span> <span class='ocrx_word' id='word_1_116' title='bbox 896 1543 1036 1601; x_wconf 88' lang='lat' dir='ltr'>mandata</span> <span class='ocrx_word' id='word_1_117' title='bbox 1057 1541 1188 1614; x_wconf 81' lang='lat' dir='ltr'>deferret,</span> 
     </span>
     <span class='ocr_line' id='line_1_15' title="bbox 189 1641 1189 1719; baseline 0 -19"><span class='ocrx_word' id='word_1_118' title='bbox 189 1641 468 1719; x_wconf 87' lang='lat' dir='ltr'>comprehenderant</span> <span class='ocrx_word' id='word_1_119' title='bbox 488 1651 575 1719; x_wconf 91' lang='lat' dir='ltr'>atque</span> <span class='ocrx_word' id='word_1_120' title='bbox 596 1643 626 1700; x_wconf 92' lang='lat' dir='ltr'>in</span> <span class='ocrx_word' id='word_1_121' title='bbox 646 1642 759 1701; x_wconf 88' lang='lat' dir='ltr'>vincula</span> <span class='ocrx_word' id='word_1_122' title='bbox 779 1643 973 1712; x_wconf 89' lang='lat' dir='ltr'>coniecerant,</span> <span class='ocrx_word' id='word_1_123' title='bbox 993 1651 1058 1700; x_wconf 89' lang='lat' dir='ltr'>tum</span> <span class='ocrx_word' id='word_1_124' title='bbox 1077 1642 1189 1717; x_wconf 89' lang='lat' dir='ltr'>proelio</span> 
     </span>
     <span class='ocr_line' id='line_1_16' title="bbox 145 1739 1187 1819; baseline -0.008 -15"><span class='ocrx_word' id='word_1_125' title='bbox 145 1753 173 1804; x_wconf 81' lang='lat'>15</span> <span class='ocrx_word' id='word_1_126' title='bbox 187 1739 265 1799; x_wconf 86' lang='lat' dir='ltr'>lacto</span> <span class='ocrx_word' id='word_1_127' title='bbox 279 1741 458 1800; x_wconf 82' lang='lat' dir='ltr'>remiserunt</span> <span class='ocrx_word' id='word_1_128' title='bbox 500 1740 536 1798; x_wconf 90' lang='lat' dir='ltr'>In</span> <span class='ocrx_word' id='word_1_129' title='bbox 554 1741 681 1818; x_wconf 88' lang='lat' dir='ltr'>petenda</span> <span class='ocrx_word' id='word_1_130' title='bbox 699 1759 773 1819; x_wconf 92' lang='lat' dir='ltr'>pace</span> <span class='ocrx_word' id='word_1_131' title='bbox 793 1741 854 1799; x_wconf 90' lang='lat' dir='ltr'>eius</span> <span class='ocrx_word' id='word_1_132' title='bbox 871 1741 913 1799; x_wconf 90' lang='lat' dir='ltr'>rei</span> <span class='ocrx_word' id='word_1_133' title='bbox 932 1741 1049 1817; x_wconf 87' lang='lat' dir='ltr'>culpam</span> <span class='ocrx_word' id='word_1_134' title='bbox 1069 1741 1099 1798; x_wconf 92' lang='lat' dir='ltr'>in</span> <span class='ocrx_word' id='word_1_135' title='bbox 1114 1741 1187 1798; x_wconf 89' lang='lat' dir='ltr'>mul.-</span> 
     </span>
     <span class='ocr_line' id='line_1_17' title="bbox 187 1839 1188 1918; baseline 0 -19"><span class='ocrx_word' id='word_1_136' title='bbox 187 1840 339 1900; x_wconf 88' lang='lat' dir='ltr'>titudinem</span> <span class='ocrx_word' id='word_1_137' title='bbox 363 1840 558 1910; x_wconf 87' lang='lat' dir='ltr'>coniecerunt,</span> <span class='ocrx_word' id='word_1_138' title='bbox 582 1849 611 1898; x_wconf 89' lang='lat' dir='ltr'>et</span> <span class='ocrx_word' id='word_1_139' title='bbox 635 1849 754 1918; x_wconf 91' lang='lat' dir='ltr'>propter</span> <span class='ocrx_word' id='word_1_140' title='bbox 778 1839 1001 1915; x_wconf 67' lang='lat' dir='ltr'>immdentiam</span> <span class='ocrx_word' id='word_1_141' title='bbox 1028 1849 1060 1897; x_wconf 93' lang='lat' dir='ltr'>ut</span> <span class='ocrx_word' id='word_1_142' title='bbox 1086 1839 1188 1914; x_wconf 81' lang='lat' dir='ltr'>ignos-</span> 
     </span>
     <span class='ocr_line' id='line_1_18' title="bbox 187 1937 1187 2016; baseline -0.002 -18"><span class='ocrx_word' id='word_1_143' title='bbox 187 1949 299 1998; x_wconf 90' lang='lat' dir='ltr'>ceretur</span> <span class='ocrx_word' id='word_1_144' title='bbox 325 1939 494 2015; x_wconf 89' lang='lat' dir='ltr'>petiverunt.</span> <span class='ocrx_word' id='word_1_145' title='bbox 545 1937 656 1997; x_wconf 89' lang='lat' dir='ltr'>Caesar</span> <span class='ocrx_word' id='word_1_146' title='bbox 683 1947 812 2015; x_wconf 88' lang='lat' dir='ltr'>questus,</span> <span class='ocrx_word' id='word_1_147' title='bbox 840 1937 930 2016; x_wconf 92' lang='lat' dir='ltr'>quod,</span> <span class='ocrx_word' id='word_1_148' title='bbox 960 1956 1027 1996; x_wconf 90' lang='lat' dir='ltr'>cum</span> <span class='ocrx_word' id='word_1_149' title='bbox 1054 1937 1128 1996; x_wconf 90' lang='lat' dir='ltr'>ultro</span> <span class='ocrx_word' id='word_1_150' title='bbox 1155 1939 1187 1996; x_wconf 85' lang='lat' dir='ltr'>in</span> 
     </span>
    </p>
   </div>
   <div class='ocr_carea' id='block_1_3' title="bbox 186 2029 1186 2146">
    <p class='ocr_par' dir='ltr' id='par_1_3' title="bbox 186 2029 1186 2146">
     <span class='ocr_line' id='line_1_19' title="bbox 186 2029 1186 2146; baseline 0 -50"><span class='ocrx_word' id='word_1_151' title='bbox 186 2039 385 2096; x_wconf 85' lang='lat' dir='ltr'>continentem</span> <span class='ocrx_word' id='word_1_152' title='bbox 405 2037 508 2114; x_wconf 85' lang='lat' dir='ltr'>legatis</span> <span class='ocrx_word' id='word_1_153' title='bbox 528 2036 624 2096; x_wconf 90' lang='lat' dir='ltr'>missis</span> <span class='ocrx_word' id='word_1_154' title='bbox 644 2037 817 2146; x_wconf 51' lang='lat' dir='ltr'>pacemffib</span> <span class='ocrx_word' id='word_1_155' title='bbox 844 2054 875 2094; x_wconf 92' lang='lat' dir='ltr'>se</span> <span class='ocrx_word' id='word_1_156' title='bbox 902 2035 1052 2113; x_wconf 86' lang='lat' dir='ltr'>petissent,</span> <span class='ocrx_word' id='word_1_157' title='bbox 1077 2029 1186 2096; x_wconf 81' lang='lat' dir='ltr'>bellurn</span> 
     </span>
    </p>
   </div>
   <div class='ocr_carea' id='block_1_4' title="bbox 186 2133 1189 2212">
    <p class='ocr_par' dir='ltr' id='par_1_4' title="bbox 186 2133 1189 2212">
     <span class='ocr_line' id='line_1_20' title="bbox 186 2133 1189 2212; baseline 0.002 -18"><span class='ocrx_word' id='word_1_158' title='bbox 186 2137 247 2195; x_wconf 84' lang='lat' dir='ltr'>sine</span> <span class='ocrx_word' id='word_1_159' title='bbox 259 2155 347 2196; x_wconf 86' lang='lat' dir='ltr'>causa</span> <span class='ocrx_word' id='word_1_160' title='bbox 357 2135 546 2206; x_wconf 89' lang='lat' dir='ltr'>intulissent,</span> <span class='ocrx_word' id='word_1_161' title='bbox 538 2153 691 2210; x_wconf 82' lang='lat' dir='ltr'>ignoscere</span> <span class='ocrx_word' id='word_1_162' title='bbox 702 2133 912 2212; x_wconf 88' lang='lat' dir='ltr'>imprudentiae</span> <span class='ocrx_word' id='word_1_163' title='bbox 924 2134 996 2193; x_wconf 82' lang='lat' dir='ltr'>dixit</span> <span class='ocrx_word' id='word_1_164' title='bbox 1009 2135 1189 2212; x_wconf 85' lang='lat' dir='ltr'>obsidesque</span> 
     </span>
    </p>
   </div>
   <div class='ocr_carea' id='block_1_5' title="bbox 140 2233 1185 2803">
    <p class='ocr_par' dir='ltr' id='par_1_5' title="bbox 141 2233 1185 2702">
     <span class='ocr_line' id='line_1_21' title="bbox 141 2233 1185 2346; baseline 0.007 -59"><span class='ocrx_word' id='word_1_165' title='bbox 141 2234 351 2311; x_wconf 79' lang='lat' dir='ltr'>aeimperavit3</span> <span class='ocrx_word' id='word_1_166' title='bbox 381 2253 506 2311; x_wconf 87' lang='lat' dir='ltr'>quorum</span> <span class='ocrx_word' id='word_1_167' title='bbox 526 2234 566 2292; x_wconf 91' lang='lat' dir='ltr'>illi</span> <span class='ocrx_word' id='word_1_168' title='bbox 586 2244 700 2310; x_wconf 88' lang='lat' dir='ltr'>partem</span> <span class='ocrx_word' id='word_1_169' title='bbox 725 2234 821 2346; x_wconf 70' lang='lat' dir='ltr'>statim</span> <span class='ocrx_word' id='word_1_170' title='bbox 834 2233 992 2346; x_wconf 64' lang='lat' dir='ltr'>dederunt,</span> <span class='ocrx_word' id='word_1_171' title='bbox 1014 2244 1126 2310; x_wconf 86' lang='lat' dir='ltr'>partem</span> <span class='ocrx_word' id='word_1_172' title='bbox 1148 2252 1185 2294; x_wconf 85' lang='lat' dir='ltr'>ex</span> 
     </span>
     <span class='ocr_line' id='line_1_22' title="bbox 184 2297 1184 2410; baseline 0.003 -20"><span class='ocrx_word' id='word_1_173' title='bbox 184 2333 436 2410; x_wconf 80' lang='lat' dir='ltr'>longinquioribus</span> <span class='ocrx_word' id='word_1_174' title='bbox 456 2333 530 2390; x_wconf 91' lang='lat' dir='ltr'>locis</span> <span class='ocrx_word' id='word_1_175' title='bbox 549 2335 715 2392; x_wconf 87' lang='lat' dir='ltr'>arcessitam</span> <span class='ocrx_word' id='word_1_176' title='bbox 737 2297 837 2408; x_wconf 84' lang='lat' dir='ltr'>paucis</span> <span class='ocrx_word' id='word_1_177' title='bbox 858 2325 972 2390; x_wconf 88' lang='lat' dir='ltr'>diebus</span> <span class='ocrx_word' id='word_1_178' title='bbox 979 2350 1044 2391; x_wconf 91' lang='lat' dir='ltr'>sese</span> <span class='ocrx_word' id='word_1_179' title='bbox 1064 2334 1184 2393; x_wconf 77' lang='lat' dir='ltr'>dauuos</span> 
     </span>
     <span class='ocr_line' id='line_1_23' title="bbox 185 2429 1185 2506; baseline 0 -16"><span class='ocrx_word' id='word_1_180' title='bbox 185 2431 326 2490; x_wconf 76' lang='lat' dir='ltr'>dixerunt</span> <span class='ocrx_word' id='word_1_181' title='bbox 368 2430 484 2489; x_wconf 89' lang='lat' dir='ltr'>Interea</span> <span class='ocrx_word' id='word_1_182' title='bbox 505 2447 574 2488; x_wconf 87' lang='lat' dir='ltr'>suos</span> <span class='ocrx_word' id='word_1_183' title='bbox 594 2432 749 2506; x_wconf 85' lang='lat' dir='ltr'>remigrare</span> <span class='ocrx_word' id='word_1_184' title='bbox 770 2431 801 2487; x_wconf 89' lang='lat' dir='ltr'>in</span> <span class='ocrx_word' id='word_1_185' title='bbox 822 2429 910 2506; x_wconf 74' lang='lat' dir='ltr'>agros</span> <span class='ocrx_word' id='word_1_186' title='bbox 931 2430 1084 2502; x_wconf 89' lang='lat' dir='ltr'>iusserunt,</span> <span class='ocrx_word' id='word_1_187' title='bbox 1105 2432 1185 2506; x_wconf 84' lang='lat' dir='ltr'>prin·</span> 
     </span>
     <span class='ocr_line' id='line_1_24' title="bbox 184 2527 1183 2605; baseline 0 -17"><span class='ocrx_word' id='word_1_188' title='bbox 184 2529 322 2605; x_wconf 84' lang='lat' dir='ltr'>cipesque</span> <span class='ocrx_word' id='word_1_189' title='bbox 341 2527 469 2604; x_wconf 89' lang='lat' dir='ltr'>undique</span> <span class='ocrx_word' id='word_1_190' title='bbox 491 2529 646 2587; x_wconf 88' lang='lat' dir='ltr'>convenire</span> <span class='ocrx_word' id='word_1_191' title='bbox 667 2537 696 2588; x_wconf 87' lang='lat' dir='ltr'>et</span> <span class='ocrx_word' id='word_1_192' title='bbox 717 2545 748 2588; x_wconf 87' lang='lat' dir='ltr'>se</span> <span class='ocrx_word' id='word_1_193' title='bbox 769 2529 955 2604; x_wconf 90' lang='lat' dir='ltr'>civitatesque</span> <span class='ocrx_word' id='word_1_194' title='bbox 978 2545 1044 2587; x_wconf 89' lang='lat' dir='ltr'>suas</span> <span class='ocrx_word' id='word_1_195' title='bbox 1066 2527 1183 2588; x_wconf 89' lang='lat' dir='ltr'>Caesari</span> 
     </span>
     <span class='ocr_line' id='line_1_25' title="bbox 184 2627 573 2702; baseline -0.005 -16"><span class='ocrx_word' id='word_1_196' title='bbox 184 2627 391 2686; x_wconf 89' lang='lat' dir='ltr'>commendare</span> <span class='ocrx_word' id='word_1_197' title='bbox 406 2635 573 2702; x_wconf 86' lang='lat' dir='ltr'>coeperunt.</span> 
     </span>
    </p>

    <p class='ocr_par' dir='ltr' id='par_1_6' title="bbox 140 2719 1182 2803">
     <span class='ocr_line' id='line_1_26' title="bbox 140 2719 1182 2803; baseline -0.006 -15"><span class='ocrx_word' id='word_1_198' title='bbox 140 2719 207 2803; x_wconf 50' lang='lat' dir='ltr'>253·x</span> <span class='ocrx_word' id='word_1_199' title='bbox 225 2731 280 2785; x_wconf 81' lang='lat'>28.</span> <span class='ocrx_word' id='word_1_200' title='bbox 300 2724 357 2784; x_wconf 93' lang='lat' dir='ltr'>His</span> <span class='ocrx_word' id='word_1_201' title='bbox 376 2727 462 2784; x_wconf 91' lang='lat' dir='ltr'>rebus</span> <span class='ocrx_word' id='word_1_202' title='bbox 480 2743 553 2801; x_wconf 88' lang='lat' dir='ltr'>pace</span> <span class='ocrx_word' id='word_1_203' title='bbox 568 2725 738 2785; x_wconf 88' lang='lat' dir='ltr'>confirmata</span> <span class='ocrx_word' id='word_1_204' title='bbox 757 2735 824 2802; x_wconf 91' lang='lat' dir='ltr'>post</span> <span class='ocrx_word' id='word_1_205' title='bbox 839 2724 916 2783; x_wconf 89' lang='lat' dir='ltr'>diem</span> <span class='ocrx_word' id='word_1_206' title='bbox 930 2734 1077 2802; x_wconf 85' lang='lat' dir='ltr'>quartum,</span> <span class='ocrx_word' id='word_1_207' title='bbox 1092 2741 1182 2800; x_wconf 87' lang='lat' dir='ltr'>quam</span> 
     </span>
    </p>
   </div>
   <div class='ocr_carea' id='block_1_6' title="bbox 184 2823 1182 2900">
    <p class='ocr_par' dir='ltr' id='par_1_7' title="bbox 184 2823 1182 2900">
     <span class='ocr_line' id='line_1_27' title="bbox 184 2823 1182 2900; baseline 0 -18"><span class='ocrx_word' id='word_1_208' title='bbox 184 2833 227 2882; x_wconf 90' lang='lat' dir='ltr'>est</span> <span class='ocrx_word' id='word_1_209' title='bbox 251 2824 281 2882; x_wconf 91' lang='lat' dir='ltr'>in</span> <span class='ocrx_word' id='word_1_210' title='bbox 305 2823 483 2882; x_wconf 84' lang='lat' dir='ltr'>Britanniam</span> <span class='ocrx_word' id='word_1_211' title='bbox 510 2833 639 2894; x_wconf 91' lang='lat' dir='ltr'>ventum,</span> <span class='ocrx_word' id='word_1_212' title='bbox 667 2841 755 2883; x_wconf 90' lang='lat' dir='ltr'>naves</span> <span class='ocrx_word' id='word_1_213' title='bbox 780 2839 871 2894; x_wconf 80' lang='lat' dir='ltr'>xvrrr,</span> <span class='ocrx_word' id='word_1_214' title='bbox 896 2823 933 2880; x_wconf 95' lang='lat' dir='ltr'>de</span> <span class='ocrx_word' id='word_1_215' title='bbox 961 2823 1067 2900; x_wconf 89' lang='lat' dir='ltr'>quibus</span> <span class='ocrx_word' id='word_1_216' title='bbox 1095 2839 1182 2898; x_wconf 82' lang='lat' dir='ltr'>supra</span> 
     </span>
    </p>
   </div>
   <div class='ocr_carea' id='block_1_7' title="bbox 183 2921 1254 3015">
    <p class='ocr_par' dir='ltr' id='par_1_8' title="bbox 183 2921 1254 3015">
     <span class='ocr_line' id='line_1_28' title="bbox 183 2921 1254 3015; baseline -0.002 -33"><span class='ocrx_word' id='word_1_217' title='bbox 183 2922 413 2982; x_wconf 89' lang='lat' dir='ltr'>demonstratum</span> <span class='ocrx_word' id='word_1_218' title='bbox 440 2931 493 2996; x_wconf 90' lang='lat' dir='ltr'>est,</span> <span class='ocrx_word' id='word_1_219' title='bbox 516 2941 591 2999; x_wconf 88' lang='lat' dir='ltr'>quae</span> <span class='ocrx_word' id='word_1_220' title='bbox 619 2922 729 2998; x_wconf 88' lang='lat' dir='ltr'>equites</span> <span class='ocrx_word' id='word_1_221' title='bbox 758 2921 941 2992; x_wconf 87' lang='lat' dir='ltr'>sustulerant,</span> <span class='ocrx_word' id='word_1_222' title='bbox 967 2939 1004 2979; x_wconf 87' lang='lat' dir='ltr'>ex</span> <span class='ocrx_word' id='word_1_223' title='bbox 1032 2921 1180 2998; x_wconf 85' lang='lat' dir='ltr'>superiore</span> <span class='ocrx_word' id='word_1_224' title='bbox 1251 3006 1254 3015; x_wconf 84' lang='lat'>.</span> 
     </span>
    </p>
   </div>
   <div class='ocr_carea' id='block_1_8' title="bbox 135 3019 1182 3590">
    <p class='ocr_par' dir='ltr' id='par_1_9' title="bbox 135 3019 1182 3590">
     <span class='ocr_line' id='line_1_29' title="bbox 182 3019 1182 3098; baseline -0.003 -19"><span class='ocrx_word' id='word_1_225' title='bbox 182 3029 267 3098; x_wconf 91' lang='lat' dir='ltr'>portu</span> <span class='ocrx_word' id='word_1_226' title='bbox 293 3021 351 3080; x_wconf 87' lang='lat' dir='ltr'>leni</span> <span class='ocrx_word' id='word_1_227' title='bbox 378 3032 465 3080; x_wconf 92' lang='lat' dir='ltr'>vento</span> <span class='ocrx_word' id='word_1_228' title='bbox 494 3021 647 3080; x_wconf 87' lang='lat' dir='ltr'>solverunt.</span> <span class='ocrx_word' id='word_1_229' title='bbox 703 3019 788 3092; x_wconf 87' lang='lat' dir='ltr'>Quae</span> <span class='ocrx_word' id='word_1_230' title='bbox 815 3037 883 3078; x_wconf 84' lang='lat' dir='ltr'>cum</span> <span class='ocrx_word' id='word_1_231' title='bbox 915 3020 1182 3096; x_wconf 82' lang='lat' dir='ltr'>appropinquarent</span> 
     </span>
     <span class='ocr_line' id='line_1_30' title="bbox 181 3116 1180 3196; baseline -0.002 -18"><span class='ocrx_word' id='word_1_232' title='bbox 181 3119 347 3178; x_wconf 87' lang='lat' dir='ltr'>Britanniae</span> <span class='ocrx_word' id='word_1_233' title='bbox 371 3129 458 3178; x_wconf 87' lang='lat' dir='ltr'>etex</span> <span class='ocrx_word' id='word_1_234' title='bbox 483 3120 583 3179; x_wconf 88' lang='lat' dir='ltr'>castris</span> <span class='ocrx_word' id='word_1_235' title='bbox 607 3117 777 3188; x_wconf 87' lang='lat' dir='ltr'>viderentur,</span> <span class='ocrx_word' id='word_1_236' title='bbox 799 3126 880 3178; x_wconf 88' lang='lat' dir='ltr'>tanta</span> <span class='ocrx_word' id='word_1_237' title='bbox 903 3128 1061 3196; x_wconf 88' lang='lat' dir='ltr'>tempestas</span> <span class='ocrx_word' id='word_1_238' title='bbox 1081 3116 1180 3176; x_wconf 87' lang='lat' dir='ltr'>subito</span> 
     </span>
     <span class='ocr_line' id='line_1_31' title="bbox 135 3215 1180 3292; baseline -0.002 -16"><span class='ocrx_word' id='word_1_239' title='bbox 135 3243 167 3292; x_wconf 69' lang='lat'>30</span> <span class='ocrx_word' id='word_1_240' title='bbox 181 3228 282 3278; x_wconf 87' lang='lat' dir='ltr'>coorta</span> <span class='ocrx_word' id='word_1_241' title='bbox 302 3226 354 3288; x_wconf 92' lang='lat' dir='ltr'>est,</span> <span class='ocrx_word' id='word_1_242' title='bbox 369 3227 403 3276; x_wconf 91' lang='lat' dir='ltr'>ut</span> <span class='ocrx_word' id='word_1_243' title='bbox 421 3217 500 3275; x_wconf 90' lang='lat' dir='ltr'>nulla</span> <span class='ocrx_word' id='word_1_244' title='bbox 521 3235 620 3276; x_wconf 88' lang='lat' dir='ltr'>earum</span> <span class='ocrx_word' id='word_1_245' title='bbox 642 3235 758 3276; x_wconf 89' lang='lat' dir='ltr'>cursum</span> <span class='ocrx_word' id='word_1_246' title='bbox 779 3227 878 3276; x_wconf 92' lang='lat' dir='ltr'>tenere</span> <span class='ocrx_word' id='word_1_247' title='bbox 899 3225 1009 3292; x_wconf 90' lang='lat' dir='ltr'>posset,</span> <span class='ocrx_word' id='word_1_248' title='bbox 1031 3215 1084 3275; x_wconf 90' lang='lat' dir='ltr'>sed</span> <span class='ocrx_word' id='word_1_249' title='bbox 1105 3215 1180 3275; x_wconf 86' lang='lat' dir='ltr'>aliae</span> 
     </span>
     <span class='ocr_line' id='line_1_32' title="bbox 181 3309 1181 3390; baseline 0.001 -17"><span class='ocrx_word' id='word_1_250' title='bbox 181 3316 294 3388; x_wconf 89' lang='lat' dir='ltr'>eodem,</span> <span class='ocrx_word' id='word_1_251' title='bbox 308 3315 386 3374; x_wconf 82' lang='lat' dir='ltr'>unde</span> <span class='ocrx_word' id='word_1_252' title='bbox 405 3325 486 3374; x_wconf 89' lang='lat' dir='ltr'>erant</span> <span class='ocrx_word' id='word_1_253' title='bbox 499 3314 654 3390; x_wconf 85' lang='lat' dir='ltr'>profectae,</span> <span class='ocrx_word' id='word_1_254' title='bbox 669 3313 850 3386; x_wconf 88' lang='lat' dir='ltr'>referrentur,</span> <span class='ocrx_word' id='word_1_255' title='bbox 865 3314 937 3373; x_wconf 89' lang='lat' dir='ltr'>aliae</span> <span class='ocrx_word' id='word_1_256' title='bbox 955 3314 993 3373; x_wconf 87' lang='lat' dir='ltr'>ad</span> <span class='ocrx_word' id='word_1_257' title='bbox 1012 3309 1181 3374; x_wconf 81' lang='lat' dir='ltr'>inferiorem</span> 
     </span>
     <span class='ocr_line' id='line_1_33' title="bbox 179 3413 1179 3491; baseline 0.001 -20"><span class='ocrx_word' id='word_1_258' title='bbox 179 3423 291 3487; x_wconf 84' lang='lat' dir='ltr'>partem</span> <span class='ocrx_word' id='word_1_259' title='bbox 319 3415 438 3486; x_wconf 88' lang='lat' dir='ltr'>insulae,</span> <span class='ocrx_word' id='word_1_260' title='bbox 467 3431 542 3491; x_wconf 87' lang='lat' dir='ltr'>quae</span> <span class='ocrx_word' id='word_1_261' title='bbox 571 3422 614 3472; x_wconf 88' lang='lat' dir='ltr'>est</span> <span class='ocrx_word' id='word_1_262' title='bbox 641 3413 761 3490; x_wconf 90' lang='lat' dir='ltr'>propius</span> <span class='ocrx_word' id='word_1_263' title='bbox 794 3413 862 3472; x_wconf 86' lang='lat' dir='ltr'>solis</span> <span class='ocrx_word' id='word_1_264' title='bbox 891 3429 1039 3484; x_wconf 88' lang='lat' dir='ltr'>occasum,</span> <span class='ocrx_word' id='word_1_265' title='bbox 1067 3431 1179 3490; x_wconf 84' lang='lat' dir='ltr'>magno</span> 
     </span>
     <span class='ocr_line' id='line_1_34' title="bbox 179 3510 1178 3590; baseline 0.006 -24"><span class='ocrx_word' id='word_1_266' title='bbox 179 3510 223 3567; x_wconf 91' lang='lat' dir='ltr'>sui</span> <span class='ocrx_word' id='word_1_267' title='bbox 251 3529 318 3570; x_wconf 89' lang='lat' dir='ltr'>cum</span> <span class='ocrx_word' id='word_1_268' title='bbox 344 3511 472 3590; x_wconf 87' lang='lat' dir='ltr'>periculo</span> <span class='ocrx_word' id='word_1_269' title='bbox 502 3513 698 3586; x_wconf 65' lang='lat' dir='ltr'>delementum</span> <span class='ocrx_word' id='word_1_270' title='bbox 727 3530 802 3589; x_wconf 89' lang='lat' dir='ltr'>quae</span> <span class='ocrx_word' id='word_1_271' title='bbox 830 3523 928 3572; x_wconf 88' lang='lat' dir='ltr'>tamen</span> <span class='ocrx_word' id='word_1_272' title='bbox 952 3513 1069 3571; x_wconf 85' lang='lat' dir='ltr'>ancoris</span> <span class='ocrx_word' id='word_1_273' title='bbox 1093 3513 1178 3572; x_wconf 86' lang='lat' dir='ltr'>iactis</span> 
     </span>
    </p>
   </div>
   <div class='ocr_carea' id='block_1_9' title="bbox 0 0 1330 3918">
    <p class='ocr_par' dir='ltr' id='par_1_10' title="bbox 0 0 1330 3918">
     <span class='ocr_line' id='line_1_35' title="bbox 0 0 1330 3918; baseline 0 6"><span class='ocrx_word' id='word_1_274' title='bbox 0 0 1330 3918; x_wconf 95' lang='lat' dir='ltr'> </span> 
     </span>
    </p>
   </div>
  </div>
 </body>
</html>
