2686 3910
153 169 288 250 15—18.
316 211 318 216 -
386 187 432 233 ua
454 188 564 236 narro
588 188 738 236 caturco
766 187 877 237 coum
904 188 980 236 Vrrr.
1090 193 1144 258 ²91

148 353 253 393 manus
273 345 497 396 stramentorum
512 357 546 397 ac
560 339 757 415 virgultorum,
771 357 897 417 quorum
914 356 1029 398 summa
1042 349 1103 397 erat
1116 341 1146 396 in
1189 323 1195 339 “

149 437 249 496 castris
269 439 362 514 copia,
386 437 459 496 inter
481 455 512 496 se
526 438 645 498 traditos
665 448 732 496 aute
749 439 842 497 aciem
857 438 1037 496 collocarunt
1051 449 1146 496 extre·

148 551 257 610 moque
271 546 404 611 tempore
418 535 474 593 diei
489 536 575 612 signo
589 537 778 612 pronuntiato
793 554 854 594 uno
874 547 1007 612 tempore
1026 536 1146 594 incend-

148 644 239 691 erunt.
296 635 342 693 Ita
369 635 523 693 continens
559 635 678 694 flamma
706 636 807 711 copias
836 653 941 693 omnes
979 645 1100 711 repente
1129 653 1146 692 a

148 743 311 808 conspectu
339 734 409 791 texit
437 733 649 794 Romanorum.
692 734 783 806 Quod
810 734 860 792 ubi
888 733 1001 805 accidit,
1034 735 1175 800 barbaris

147 831 405 891 vehementissimo
424 851 509 891 cursu
526 833 702 910 refugerunt.
752 839 800 891 16.
824 833 940 904 Caesar,
955 833 1008 891 etsi
1023 833 1147 891 discess-

148 947 199 986 um
219 929 348 990 hostium
369 931 596 991 animadvertere
618 951 679 991 non
700 941 815 1009 poterat
835 932 977 991 incendiis
995 932 1147 1009 oppositis,

148 1038 246 1087 tamen
271 1029 301 1088 id
326 1029 478 1088 consilium
504 1049 571 1088 cum
593 1030 679 1106 fugae
704 1049 792 1089 causa
817 1031 920 1088 initum
944 1031 1146 1107 suspicaretur,

147 1127 280 1202 legiones
309 1137 471 1204 promovet,
499 1138 608 1188 turmas
635 1129 722 1188 mittit
749 1129 787 1187 ad
815 1128 1048 1204 insequendum
1084 1129 1147 1204 ipse

114 1272 119 1281 ,
148 1227 254 1284 veritus
281 1225 409 1297 insidias,
434 1245 472 1284 ne
497 1226 570 1285 forte
595 1229 625 1284 in
649 1228 755 1286 eodem
780 1228 846 1286 loco
876 1228 1031 1286 subsistere
1055 1226 1147 1285 hostis
1162 1249 1193 1283 ιο

149 1333 236 1399 atque
258 1325 360 1383 elicere
382 1333 499 1383 nostros
520 1326 551 1383 in
572 1326 669 1384 locum
696 1335 848 1385 conaretur
872 1326 1014 1402 iniquum,
1039 1326 1147 1384 tardius

148 1421 289 1497 procedit.
331 1422 452 1499 Equites
471 1443 538 1482 cum
557 1426 662 1483 intrare
677 1425 789 1483 fumum
803 1435 831 1484 et
846 1425 996 1483 flammam
1012 1424 1148 1484 densissi-

148 1539 229 1578 mam
250 1521 383 1580 timerent
404 1541 447 1592 ac,
473 1523 496 1581 si
522 1526 571 1600 qui
596 1524 728 1600 cupidius
752 1525 933 1596 intraverant,
958 1523 1004 1582 vix
1030 1541 1148 1582 suorum

148 1620 205 1695 ipsi
225 1619 335 1695 priores
356 1631 453 1696 partes
474 1622 734 1682 animadverterent
755 1642 906 1700 equomm,
928 1623 1048 1683 insidias
1069 1621 1148 1681 veriti
1172 1609 1175 1618 '

1210 12 1297 202 *u

149 1718 271 1776 liberam
294 1718 460 1777 facultatem
486 1721 530 1778 sui
550 1721 709 1798 recipiendi
730 1722 890 1781 Bellovacis
911 1722 1061 1780 dederunt.
1103 1721 1149 1778 Ita
1164 1740 1192 1790 15
1272 1739 1274 1747 ⁴

149 1816 220 1892 suga
235 1817 349 1876 timoris
368 1818 452 1876 simul
469 1819 688 1896 calliditatisque
705 1820 794 1897 plena
810 1821 872 1880 sine
891 1821 951 1879 ullo
972 1821 1147 1879 detrimento

148 1917 229 1975 milia
248 1935 310 1975 non
324 1918 448 1994 amplius
469 1919 571 1977 decem
586 1922 733 1996 progressi
755 1920 854 1979 hostes
873 1921 939 1979 loco
954 1920 1148 1978 munitissimo

150 2027 245 2075 castra
279 2027 449 2093 posuerunt.
491 2018 566 2076 Inde
602 2036 669 2076 cum
704 2037 792 2095 saepe
826 2019 857 2076 in
890 2018 1002 2077 insidiis
1037 2018 1148 2093 equites

149 2115 321 2192 peditesque
356 2117 552 2195 disponerent,
587 2135 696 2192 magna
731 2116 904 2176 detrimenta
939 2115 1084 2174 Romanis
1118 2117 1149 2173 in

151 2214 387 2289 pabulationibus
407 2214 579 2276 inferebant:
626 2221 674 2277 1¹1.
696 2215 786 2286 Quod
806 2233 875 2273 cum
897 2215 1026 2274 crebrius
1050 2213 1147 2272 accid-
1163 2231 1194 2265 20

151 2323 220 2382 eret,
233 2331 269 2370 ex
284 2313 399 2393 captiuo
413 2314 543 2389 quodam
558 2315 699 2392 comperit
715 2313 822 2373 Caesar
837 2313 989 2383 Correum,
998 2311 1148 2370 Bellovac-

150 2429 235 2470 orum
265 2412 379 2484 ducem,
407 2413 630 2472 fortissimorum
658 2414 736 2487 milia
765 2431 816 2472 sex
845 2413 976 2489 peditum
1006 2411 1149 2487 delegisse

150 2511 321 2587 equitesque
343 2530 380 2569 ex
401 2513 482 2569 omni
501 2530 623 2571 numero
645 2512 730 2583 mille,
751 2530 825 2589 quos
845 2505 1005 2569 in'insidiis
1024 2528 1061 2568 eo
1081 2510 1149 2568 loco

152 2609 316 2680 collocaret,
331 2627 420 2686 quem
433 2611 463 2667 in
477 2610 575 2668 locum
589 2619 708 2686 propter
722 2611 838 2686 copiam
853 2609 988 2667 frumenti
1002 2627 1036 2667 ac
1050 2609 1149 2684 pabuli

152 2707 308 2766 Romanos
342 2709 483 2767 missuros
518 2709 718 2784 suspicaretur.
763 2707 833 2778 Quo
869 2708 989 2785 cognito
1025 2708 1147 2769 consilio
1163 2720 1192 2769 ²5

150 2806 282 2880 legiones
310 2805 414 2881 plures,
444 2824 532 2883 quam
560 2807 680 2877 solebat,
708 2806 805 2865 educit
833 2807 1060 2883 equitatumque,
1090 2825 1148 2882 qua

152 2904 364 2962 consuetudine
397 2885 615 2980 pabulatoribus
652 2906 765 2964 mittere
800 2906 945 2982 praesidio
985 2914 1148 2975 consuerat,

149 3003 324 3081 praemittit:
346 3003 413 3061 huic
427 3004 584 3080 interponit
598 3005 704 3063 auxilia
717 3004 786 3062 levis
804 3014 964 3062 armaturae
972 3024 980 3076 ;
1003 3004 1064 3080 ipse
1079 3021 1147 3061 curn

146 3101 316 3178 legionibus
336 3120 425 3178 quam
438 3111 535 3178 potest
550 3103 677 3161 maxime
696 3104 923 3179 appropinquat.
964 3108 1014 3161 18.
1035 3100 1147 3159 Hostes

150 3201 180 3258 in
200 3199 314 3258 insidiis
339 3200 479 3276 dispositi,
501 3219 569 3260 cum
593 3202 646 3259 sibi
668 3201 844 3278 delegissent
868 3218 1006 3276 campum
1029 3199 1066 3257 ad
1085 3216 1148 3255 rem
1162 3215 1194 3266 30

149 3298 308 3376 gerendam
329 3316 390 3356 non
411 3298 534 3374 amplius
555 3309 702 3377 patentem
723 3301 753 3358 in
774 3319 877 3359 omnes
898 3309 994 3375 partes
1015 3296 1148 3374 passibus

150 3397 236 3470 mille,
266 3397 342 3456 silvis
370 3397 499 3474 undique
529 3407 578 3456 aut
605 3398 826 3474 impeditissimo
850 3398 969 3455 flumine
994 3395 1147 3466 munitum,

149 3497 226 3557 velut
261 3495 399 3573 indagine
431 3497 509 3554 hunc
543 3497 653 3556 insidiis
686 3497 946 3556 circumdedemnt.
987 3493 1148 3571 Explorato

848 3639 856 3664 Ι
