2630 3916
131 174 270 260 38-40.
387 189 433 238 nu
455 189 566 240 narro
589 188 875 242 nrmroo‘courr.
897 140 939 241 rl'
970 185 980 244 ’,
1088 197 1129 266 23
1196 206 1198 212 ·

131 339 266 401 nonnulli
293 339 405 415 pudore
430 339 556 411 adducti,
579 347 612 397 ut
638 339 750 402 timoris
778 321 974 418 suspicionem
1000 341 1129 424 vitarem,

86 485 88 490 .
129 437 329 496 remanebant
373 435 415 496 Hi
420 453 524 541 jureque
537 436 647 498 vultum
659 438 768 516 fingere
782 455 877 514 neque
891 439 1036 498 interdum
1048 440 1130 500 lacri-

131 554 196 598 mas
214 546 313 596 tenere
327 525 481 616 poterant:
503 537 592 596 abditi
612 537 642 594 in
664 535 857 596 tabernaculis
874 546 923 596 aut
940 555 1025 598 suum
1038 535 1130 598 iatum

131 617 341 712 querebantur,¹
353 644 403 696 aut
422 651 490 695 cum
507 634 692 696 familiaribus
712 636 771 696 suis
792 654 949 698 commune
968 637 1129 713 periculum
1156 605 1164 643 s

89 793 97 810 ,
131 736 349 796 miserabantiu.
372 747 375 756 ·
392 701 572 811 V‘oi'gitltis
586 736 687 796 castris
705 743 878 795 testamenta
891 736 1128 812 obsignabantur.
1143 757 1158 810 5

131 823 250 896 Horum
268 835 389 894 vocibus
402 851 438 892 ac
458 835 561 894 timore
579 835 717 912 paulatim
730 835 818 896 etiam
835 835 864 906 ii,
883 836 932 912 qui
946 853 1087 911 magnum
1099 838 1131 898 in

130 934 232 994 castris
242 931 328 994 usum'
338 932 492 1004 habebant
503 931 606 1006 milites
621 932 860 1009 centurionesque
871 933 978 1010 quique
989 935 1130 1011 equitatui

131 1039 292 1109 praeerant,
319 1030 567 1106 perturbabantur.
602 1028 725 1116 Quise
753 1050 789 1090 ex
816 1030 861 1092 his
888 1033 985 1092 minus
1009 1033 1128 1104 timidos

101 1125 105 1132 ’
130 1130 290 1191 existimari
317 1127 550 1223 volebantlnon
578 1147 610 1188 se
637 1115 752 1188 hostem
775 1130 875 1201 vereri,
902 1131 954 1191 sed
981 1133 1130 1208 angustias

131 1230 242 1290 itineris
267 1239 296 1289 et
319 1217 549 1305 magnitudinem
572 1216 808 1304 silvarum,'quae
829 1221 1037 1291 intercederent
1057 1220 1176 1292 interro

132 1329 214 1406 ipsos
232 1337 319 1404 atque
334 1328 519 1398 Ariovistum,
534 1335 584 1386 aut
603 1343 665 1385 rem
683 1325 908 1397 frumentariam,
922 1335 955 1386 ut
968 1329 1037 1386 satis
1049 1347 1131 1388 corn-

131 1427 222 1488 mode
243 1425 405 1502 supportari
432 1434 540 1502 posset,
563 1415 664 1488 timere
691 1424 835 1495 dicebant
876 1424 1017 1486 Nonnulli
1043 1429 1132 1500 etiam

133 1525 252 1585 Caesari
265 1525 438 1590 nunnmant,
453 1542 522 1584 cum
535 1532 629 1584 castra
643 1523 753 1582 moveri
766 1541 801 1583 ac
815 1523 899 1599 signa
912 1523 979 1584 ferri
992 1524 1130 1600 iussisset,

131 1641 195 1700 non
205 1623 268 1683 iore
279 1615 358 1684 dicto
372 1621 521 1684 audientes
535 1621 649 1682 milities
662 1638 758 1699 neque
769 1631 887 1698 propter
898 1623 1033 1682 timorem
1046 1625 1131 1701 signa

131 1717 250 1781 laturos.
292 1726 346 1780 40.
369 1719 454 1782 Haec
475 1737 542 1780 cum
555 1701 819 1791 animadvertisset!
826 1729 988 1782 convocato
1009 1723 1131 1786 consilio
1147 1745 1175 1798 1⁵

131 1820 323 1896 omniumque
340 1818 477 1878 ordinum
496 1818 535 1878 ad
553 1819 583 1878 id
597 1818 751 1879 consilium
768 1817 902 1879 adhibitis
916 1822 1131 1884 centurionibus

131 1917 319 2000 vehementer
332 1935 384 1978 eos
397 1917 552 1976 incusavit:
574 1917 701 1994 primum
715 1917 796 1994 quod
810 1927 859 1976 ant
870 1935 959 1996 quam
972 1920 1004 1978 in
1018 1927 1132 1995 partem

133 2027 183 2076 ant
194 1988 264 2093 ilud
273 2015 395 2076 consilio
407 1993 654 2086 ducerenturf‘sibi
668 1987 929 2104 quaerenduniaut
943 1991 1144 2092 cogitanduml

154 2123 278 2175 urerent.
319 2113 497 2174 Ariovistum
511 2130 543 2172 se
556 2113 676 2206 consule
689 2098 877 2190 iupidssime
891 2113 992 2188 populi
1004 2098 1178 2374 Romani}

134 2213 293 2274 amicitiam
316 2212 478 2288 appetisse:
506 2228 557 2270 cur
583 2200 662 2269 linire
689 2219 749 2270 tam
777 2219 885 2270 temere
912 2187 1066 2288 qiiisliirim
1093 2213 1132 2272 ab
1254 2261 1259 2274 .

134 2311 231 2372 officio
246 2311 442 2370 discessurum
455 2273 620 2393 iudicareti
656 2309 718 2368 Sibi
734 2307 853 2385 quidem
871 2310 1047 2385 persuaderi,
1061 2327 1152 2388 cog-n
1277 2309 1294 2344 *⁵

132 2410 201 2470 nitis
224 2411 285 2472 suis
304 2408 456 2488 postulatis
477 2417 564 2484 atque
585 2407 728 2484 aequitate
752 2406 960 2468 condicionum
980 2419 1133 2486 perspecta
1156 2387 1176 2512 J

132 2527 203 2569 enm
220 2527 317 2585 neque
336 2526 420 2568 suam
439 2525 534 2584 neque
555 2507 656 2583 populi
675 2505 802 2566 Romani
822 2506 945 2582 gratiam
967 2506 1170 2658 repudiat-ig<

202 2649 208 2664 .
251 2605 342 2679 Quod
365 2607 389 2666 si
411 2606 507 2666 furore
530 2615 616 2682 atque
641 2605 766 2664 amentia
792 2603 933 2681 impulsus
956 2605 1065 2664 bellum
1088 2607 1132 2666 in·

87 2764 94 2778 ,
131 2677 263 2780 tulisset}
274 2706 345 2782 quid
364 2705 484 2766 tandem
504 2705 687 2764 vererentur?
708 2713 758 2762 aut
776 2721 828 2764 cur
846 2703 883 2762 de
902 2719 955 2762 sua
968 2704 1069 2792 virtute
1083 2715 1132 2770 aut
1147 2659 1203 2782 25l

133 2806 173 2866 de
187 2805 279 2880 ipsius
293 2803 441 2880 diligentia
454 2803 658 2882 desperarent?
699 2802 822 2862 Factum
841 2801 902 2860 eius
916 2801 1007 2862 hostis
1021 2793 1132 2879 pericu
1170 2816 1180 2895 ει’

131 2903 196 2964 ium
215 2913 331 2978 patrum
350 2912 516 2962 nostrorum
536 2901 685 2972 memoria,
705 2915 772 2960 cum
793 2897 918 2959 Cimbris
939 2909 967 2958 et
989 2899 1144 2974 Teutonis-
1157 2893 1175 2977 'if

132 3020 152 3062 a
169 2999 247 3061 Gaio
269 2999 366 3060 Mario
387 2999 478 3077 pulsis
497 3016 560 3058 non
580 2999 723 3062 minorem
743 2997 859 3058 laudem
880 2999 1023 3058 exercitus
1043 2981 1132 3076 quam
1162 2991 1166 3015 ‘

130 3101 198 3178 ipse
221 3100 380 3175 imperator
406 3098 525 3158 meritus
552 3096 715 3168 videbatur;
742 3093 851 3156 iactum
874 3098 962 3156 etiam
985 3116 1078 3174 nuper
1101 3099 1132 3158 in
1169 3062 1205 3148 l

91 3230 95 3281 3
129 3195 218 3260 ltalia
237 3196 333 3258 servili
349 3157 490 3260 tumultu?
500 3165 587 3271 quosl'
593 3202 692 3253 tamen
710 3159 900 3271 aliquidirsus
919 3215 954 3255 ac
971 3195 1131 3270 disciplina,
1146 3200 1177 3272 30'

86 3290 213 3500 Quae
240 3314 260 3356 a
286 3295 372 3354 nobis
400 3295 589 3370 accepissent,
614 3293 821 3406 sublevarent&
851 3293 897 3352 Ex
925 3309 984 3369 quo
1011 3293 1132 3356 indicari
1158 3285 1172 3364 ’,

175 3411 233 3466 sse,
259 3403 401 3470 quantum
428 3391 548 3452 haberet
574 3392 604 3450 in
631 3409 663 3452 se
691 3390 761 3450 boni
784 3391 955 3462 constantia,
977 3400 1132 3466 propterea
1176 3449 1181 3460 ,

130 3473 323 3628 qdodfquos
347 3489 523 3572 aliquamdiu
545 3490 673 3550 inermos
698 3489 760 3548 sine
783 3505 871 3548 causa
890 3487 1062 3561 timuissent,
1076 3457 1140 3616 hoff
