2650 3918
215 199 257 264 68
450 247 452 253 ι
508 207 511 212 ’
537 205 567 265 'a
589 214 682 262 roan
705 209 880 262 crassius
1167 209 1211 255 rv.

215 375 278 425 tum
291 361 488 441 proficiscitur.
529 364 576 426 Eo
596 383 663 424 cum
676 363 811 436 venisset,
824 340 953 439 eaquae
974 361 1037 420 iore
1051 355 1215 437 suspicatus

215 473 277 522 erat
286 463 362 523 facta
373 465 527 540 cognovit:
548 466 652 524 missas
663 463 824 540 legationes
834 463 876 520 ab
890 461 1037 520 nonnullis
1052 458 1214 518 civitatibus

215 563 254 622 ad
278 562 443 622 Germanos
472 563 627 674 invitqtosq
646 582 663 622 e
686 581 746 632 eost,
771 562 812 620 uti
834 561 880 663 ab5
893 560 1001 665 {theno
1024 556 1213 628 discederent,

215 661 383 739 omniaque,
404 679 480 737 quae
503 623 605 738 psostiri
636 670 708 731 sent,
728 660 766 718 ab
785 678 816 718 se
837 659 899 717 fore
941 667 1028 716 arata.
1071 654 1140 728 Qua
1160 672 1214 730 spe

187 772 201 826 '5
216 760 333 820 adducti
352 759 492 818 Germani
512 759 596 818 latius
616 759 795 835 vagabantur
813 767 842 816 et
862 758 893 815 in
907 757 981 815 fines
997 755 1170 813 Eburonum
1184 761 1215 810 et

216 858 446 928 Condrusorum,
467 858 517 934 qui
544 868 612 917 sunt
640 856 835 916 Treverorum
860 852 987 926 clientes,
1013 859 1213 930 pervenerant.

214 957 397 1033 Principibus
416 955 527 1014 Galliae
541 956 667 1015 evocatis
681 954 790 1014 Caesar
804 972 847 1025 ea,
863 971 938 1032 quae
953 959 1139 1028 cognoverat,
1153 949 1212 1008 dis-

136 1093 137 1098 1
216 1051 377 1115 simulanda
401 1054 456 1113 sibi
483 1055 657 1114 existimavit
684 1071 843 1131 eorumque
872 1053 976 1111 animis
1003 1048 1155 1128 permulsis
1183 1057 1215 1107 et
1303 1097 1306 1100 ,

150 1195 154 1207 ι
216 1155 393 1213 confirmatis
428 1154 613 1231 equitatuque
647 1153 787 1229 imperato
819 1151 926 1212 bellum
959 1169 1026 1209 cum
1057 1147 1213 1209 Germanis
1294 1157 1297 1163 “

172 1280 203 1315 10
215 1270 315 1328 gerere
330 1253 487 1312 constituit.
529 1259 557 1314 7.
581 1251 626 1310 Re
637 1251 822 1310 frumentaria
832 1259 1000 1326 comparata
1012 1248 1213 1324 equitibusque
1293 1275 1295 1280 ·

215 1350 334 1410 delectis
359 1352 412 1410 iter
435 1351 523 1410 inea
547 1351 613 1410 loca
632 1351 727 1409 facere
748 1351 853 1426 coepit,
874 1349 980 1424 quibus
1001 1349 1030 1406 in
1051 1346 1123 1405 locis
1147 1363 1213 1404 esse

215 1449 380 1509 Germanos
398 1450 541 1509 audiebat.
583 1449 612 1507 A
632 1449 738 1526 quibus
759 1466 826 1506 cum
846 1465 1008 1524 paucorum
1025 1445 1138 1504 dierum
1158 1445 1213 1503 iter

213 1548 338 1620 abesset,
352 1545 450 1628 ,legati
474 1549 511 1606 ab
535 1547 580 1606 his
604 1555 753 1618 venerunt,
777 1564 901 1623 quorum
924 1545 997 1604 haec
1025 1543 1077 1603 fuit
1101 1543 1211 1602 oratio:

215 1645 380 1706 Germanos
408 1665 503 1724 neque
530 1647 641 1724 priores
668 1646 778 1722 populo
806 1645 944 1704 Romano
971 1643 1079 1702 bellum
1106 1641 1212 1700 inferre

171 1759 200 1810 15
214 1762 309 1820 neque
324 1755 421 1803 tamen
439 1763 579 1816 recusare,
595 1745 619 1802 si
632 1745 817 1817 lacessantur,
832 1743 903 1818 quin
922 1743 1009 1801 armis
1023 1741 1212 1812 contendant,

214 1843 294 1919 quod
315 1842 529 1902 Germanorum
550 1841 730 1901 consuetudo
752 1842 788 1900 sit
807 1859 825 1899 a
842 1841 1000 1900 maioribus
1018 1841 1129 1910 tradita,
1149 1839 1213 1917 qui·

181 2019 184 2026 .
214 1960 340 2018 cumque
363 1942 472 2001 bellum
498 1941 631 2011 inferant,
654 1942 785 1999 resistere
810 1958 905 2016 neque
927 1940 1083 2016 deprecari.
1126 1939 1212 1999 Haec

214 2049 313 2098 tamen
327 2040 431 2110 dicere,
445 2039 558 2098 venisse
572 2039 685 2109 invitos
700 2039 807 2098 eiectos
822 2038 929 2111 dom0;
952 2039 975 2096 si
990 2055 1074 2096 suam
1088 2040 1212 2114 gratiam

214 2139 343 2197 Romani
359 2138 454 2210 velint,
471 2156 559 2214 posse
581 2137 616 2196 iis
638 2137 720 2196 utiles
743 2156 807 2197 esse
829 2138 955 2210 amicos;
984 2137 1029 2196 vel
1051 2137 1105 2196 sibi
1125 2155 1212 2213 agros

170 2255 201 2290 πο
214 2237 369 2295 attribuant
387 2236 433 2294 vel
451 2236 594 2311 patiantur
615 2253 667 2294 eos
688 2245 794 2308 tenere,
807 2253 884 2311 quos
905 2228 991 2294 armis
1012 2235 1212 2312 possederint:

215 2351 279 2392 sese
293 2334 358 2391 unis
373 2333 477 2392 Suebis
492 2334 660 2404 concedere,
676 2335 780 2410 quibus
795 2352 832 2392 ne
847 2333 886 2390 dii
901 2325 1018 2410 quidem
1033 2333 1212 2393 immortales

142 2508 144 2514 Α
214 2443 298 2508 pares
313 2449 377 2490 esse
391 2432 504 2507 possint
512 2451 520 2504 ;
542 2431 684 2508 reliquum
698 2433 817 2510 quidem
831 2432 861 2489 in
876 2432 957 2491 terris
975 2450 1038 2490 esse
1052 2415 1211 2503 nemineni,

214 2548 303 2605 quem
325 2547 386 2587 non
412 2547 547 2606 superare
568 2530 709 2606 possint..
732 2537 762 2590 8.
784 2530 833 2589 Ad
856 2529 928 2590 haec
951 2549 1025 2608 quae
1050 2533 1143 2590 visum
1167 2541 1214 2590 est

214 2626 323 2686 Caesar
343 2627 492 2704 respondit
499 2646 507 2700 ;
537 2628 590 2686 sed
617 2629 709 2686 exitus
736 2629 789 2687 fuit
809 2629 971 2695 orationis:
1015 2628 1076 2687 Sibi
1103 2629 1213 2688 nullam

171 2747 200 2796 25
215 2745 282 2784 cnm
296 2725 340 2784 his
355 2726 510 2784 amicitiam
524 2745 589 2786 esse
600 2723 696 2803 poss'e,
709 2728 732 2786 si
746 2727 777 2785 in
791 2727 886 2786 Gallia
896 2737 1078 2786 remanerent
1086 2748 1094 2801 ;
1116 2747 1214 2806 neque

214 2843 315 2883 verum
329 2843 402 2895 esse,
417 2825 467 2901 qui
487 2842 556 2883 suos
570 2825 644 2883 fines
659 2826 730 2884 tueri
747 2843 808 2884 non
826 2827 979 2902 potuerint,
994 2825 1105 2893 alienos
1123 2845 1214 2886 occu-

151 2943 152 2948 *
214 2941 300 2999 pare;
330 2941 425 3000 neque
447 2923 522 2981 ullos
544 2923 573 2980 in
598 2922 693 2982 Gallia
714 2942 815 2983 vacare
840 2942 935 2999 agros
956 2925 1006 3005 qui
1031 2924 1092 2982 dari
1114 2934 1213 2984 tantae

212 3021 383 3096 praesertim
411 3020 586 3080 multitudini
614 3023 677 3080 sine
706 3023 808 3080 iniuria
835 3023 966 3099 possint;
993 3024 1045 3081 sed
1067 3023 1162 3095 licere,
1188 3025 1213 3083 si

213 3119 310 3190 velint,
322 3119 353 3176 in
366 3118 510 3177 Ubiorum
524 3120 630 3179 finibus
645 3121 805 3192 considere,
820 3139 945 3197 quorum
960 3121 1019 3179 sint
1031 3122 1118 3197 legati
1132 3123 1214 3198 apud

169 3235 201 3282 30
214 3233 254 3287 se,
266 3218 343 3276 etde
359 3217 523 3277 Sueborum
536 3220 646 3279 iniuriis
660 3229 814 3297 querantur
828 3229 856 3278 et
870 3238 888 3277 a
902 3237 934 3278 se
945 3220 1082 3277 auxilium
1092 3229 1212 3296 petant:

213 3313 270 3374 hoc
285 3335 317 3375 se
337 3315 421 3375 Ubiis
439 3317 655 3395 imperaturum.
697 3327 730 3378 9.
752 3317 855 3395 Legati
868 3317 940 3376 haec
956 3335 987 3376 se
1002 3318 1040 3376 ad
1054 3337 1123 3376 suos
1138 3319 1224 3378 rela-'

213 3421 293 3470 turos
307 3413 441 3473 dixerunt
451 3425 479 3475 et
492 3434 523 3474 re
538 3416 694 3476 deliberata
707 3426 776 3495 post
786 3417 863 3476 diem
874 3417 989 3475 tertium
1003 3416 1042 3474 ad
1053 3415 1212 3478 Caesarem

213 3525 394 3571 reversuros:
416 3513 525 3573 interea
543 3533 581 3574 ne
599 3516 719 3594 propius
741 3534 772 3576 se
787 3526 888 3576 castra
899 3524 1036 3586 moveret,
1056 3515 1212 3592 petierunt.
