2630 3916
208 191 251 276 36
321 201 324 208 “
445 217 448 222 ·
537 207 568 258 c.
591 204 900 270 rusticanarum
935 213 973 224 ,.
1121 217 1141 251 ,-
1170 209 1209 253 11,

209 355 367 416 exercitum
394 355 550 418 ¹traducere
584 351 750 430 maturavit
778 347 867 434 atque
899 355 940 416 ibi
974 364 1068 415 castra
1099 353 1209 432 posuit.

209 453 295 526 Quae
314 473 361 514 res
375 464 403 514 et
418 455 493 515 latus
505 475 598 516 unum
612 463 774 517 castrorum
790 456 860 532 ripis
875 447 1003 514 fluminis
1016 453 1167 514 muniebat
1180 461 1209 512 et

208 562 275 628 post
295 571 363 612 eum
383 573 459 632 quae
479 564 585 627 essent,
606 565 668 616 tuta
689 556 726 613 ab
746 553 1042 613 hostibus-reddebat
1066 560 1104 622 et,
1126 568 1209 610 com·

208 661 322 712 meatus
341 653 378 715 ab
399 653 501 714 Remis
516 655 692 731 reliquisque
712 653 874 712 civitatibus
893 661 926 710 ut
944 652 1007 710 sine
1024 649 1153 728 periculo
1170 649 1209 708 ad

181 769 277 827 scum
297 752 406 829 portari
425 763 554 830 possent,
575 753 723 812 efficiebat.
764 751 802 813 In
826 769 862 810 eo
886 750 1007 808 flumine
1034 767 1111 826 pons
1139 757 1209 808 erat.

208 848 255 910 Ibi
272 849 449 925 praesidium
464 851 548 927 ponit
566 860 595 910 et
614 850 645 909 in
663 850 750 910 altera
767 859 848 926 parte
862 848 990 908 fluminis
1008 848 1045 921 Q.
1062 847 1208 906 Titurium

209 945 351 1008 Sabinum
373 947 502 1024 legatum
523 967 592 1008 curn
616 967 668 1008 sex
692 947 862 1008 cohortibus
879 946 1034 1023 relinquit;
1062 955 1157 1005 castra
1177 945 1207 1003 in

209 1045 388 1104 altitudinem
412 1046 522 1122 pedum
546 1063 604 1110 x11,
617 1047 693 1106 vallo
714 1045 853 1123 fossaque
874 1043 1074 1123 duodeviginti
1097 1042 1207 1120 pedum

208 1145 321 1204 munire
335 1145 422 1208 iubet.
764 1155 768 1160 “
1199 1191 1202 1196 .

165 1263 196 1299 10
251 1249 280 1302 6.
302 1242 350 1300 Ab
364 1242 408 1302 his
424 1243 524 1302 castris
547 1243 692 1321 oppidum
708 1242 873 1302 Remorum
889 1241 1011 1302 nomine
1030 1240 1136 1299 Bibrax
1155 1241 1206 1298 ab·

209 1350 269 1400 erat
279 1339 358 1399 milia
372 1357 512 1416 passuum
526 1352 603 1402 octo.
645 1342 682 1404 Id
695 1361 732 1402 ex
742 1342 843 1400 itinere
854 1358 965 1416 magno
975 1339 1085 1417 impetu
1098 1338 1206 1414 Belgae

210 1457 381 1516 oppugnare
395 1443 562 1518 coeperunt.
605 1441 702 1518 Aegre
716 1458 754 1500 eo
773 1439 820 1498 die
837 1447 1029 1498 sustentatum
1043 1446 1096 1496 est.
1137 1434 1206 1494 Gal-

208 1536 305 1604 lorum
323 1537 430 1596 eadem
455 1547 543 1615 atque
567 1538 724 1615 Belgarum
746 1537 931 1615 oppugnatio
956 1545 1001 1594 est
1025 1536 1108 1596 haec.
1148 1532 1209 1610 Ubi
1306 1611 1307 1616 η

211 1637 395 1695 circumiecta
418 1636 600 1697 multitudine
624 1637 778 1698 hominum
805 1637 874 1696 totis
897 1634 1052 1695 moenibus
1078 1633 1209 1709 undique

167 1751 195 1802 15
210 1737 241 1794 in
265 1753 382 1793 murum
401 1736 514 1812 lapides
537 1737 592 1796 iaci
613 1737 709 1813 coepti
734 1745 801 1796 sunt
825 1751 982 1809 murusque
1006 1732 1209 1798 defensoribus

210 1834 335 1893 nudatus
357 1843 410 1906 est,
431 1835 576 1897 testudine
597 1835 673 1894 facta
698 1833 824 1910 [portas]
852 1831 1013 1892 succedunt
1032 1847 1209 1907 murumque

211 1933 361 1991 subruunt.
406 1931 508 2004 'Quod
541 1943 604 1992 tum
624 1933 722 1996 ,facile
760 1932 855 1992 fiebat.
911 1927 990 2012 Nam
1024 1946 1092 1986 cum
1126 1936 1210 1986 tanta

210 2030 365 2090 multitudo
388 2031 500 2108 lapides
525 2050 560 2091 ac
584 2033 641 2090 tela
665 2031 841 2100 conicerent,
866 2028 897 2085 in
921 2044 1006 2086 muro
1029 2026 1210 2086 consistendi

210 2136 340 2204 potestas
369 2139 429 2188 erat
456 2129 538 2189 nulli·
576 2129 654 2190 Cum
674 2129 764 2188 finem
785 2127 978 2205 oppugnandi
1002 2143 1063 2184 nox
1084 2125 1210 2195 iecisset,

167 2243 198 2277 20
210 2225 306 2286 Iccius
331 2211 593 2300 Remus‚‘summa
616 2229 765 2288 nobilitate
789 2235 818 2285 et
841 2227 935 2302 gratia
962 2226 1036 2284 iuter
1060 2242 1138 2296 suos,
1159 2225 1211 2302 qui

210 2333 274 2380 turn
294 2325 404 2400 oppido
425 2326 597 2402 praefuerat,
618 2345 694 2386 unus
715 2345 751 2384 ex
772 2326 816 2397 iis,
837 2325 887 2402 qui
907 2325 995 2400 legati
1019 2324 1056 2382 de
1077 2342 1150 2400 pace
1171 2325 1210 2384 ad
1250 2373 1256 2379 .

211 2418 368 2480 Caesarem
388 2433 534 2496 venerant,
553 2425 687 2482 nuntium
706 2424 744 2482 ad
763 2442 831 2482 eum
849 2423 952 2482 mittit:
973 2423 1030 2480 nisi
1048 2422 1211 2481 subsidium

210 2519 266 2578 sibi
284 2519 474 2592 submittatur,
490 2539 553 2580 sese
568 2521 675 2581 diutius
689 2523 830 2589 sustinere
845 2539 907 2580 non
920 2539 1016 2598 posse.
1061 2526 1090 2582 7.
1111 2520 1157 2579 Eo
1173 2521 1211 2580 de

211 2618 310 2677 media
326 2628 413 2678 nocte
430 2617 539 2678 Caesar
558 2620 652 2679 isdem
669 2619 791 2680 ducibus
809 2638 889 2692 usus,
904 2621 954 2696 qui
971 2619 1064 2678 nuntii
1078 2620 1116 2678 ab
1130 2609 1211 2678 Iccio

168 2736 197 2786 ²5
212 2727 358 2789 venerant,
393 2706 539 2778 Numidas
576 2727 605 2780 et
642 2717 744 2778 Cretas
783 2718 947 2794 sagittarios
985 2726 1014 2776 et
1047 2717 1212 2777 funditores

212 2815 347 2876 Baleares
378 2817 508 2880 subsidio
540 2818 695 2895 oppidanis
725 2818 828 2891 mittit;
863 2833 988 2892 quorum
1022 2817 1148 2875 adventu
1182 2827 1213 2877 et

213 2913 315 2972 Remis
336 2933 403 2973 cum
425 2934 477 2993 spe
499 2917 677 2981 defensionis
699 2916 827 2975 studium
850 2914 1058 2992 propugnandi
1078 2915 1214 2987 accessit,

212 3022 242 3071 et
263 3011 394 3072 hostibus
416 3015 519 3074 eadem
541 3017 577 3076 de
598 3033 686 3075 causa
707 3033 775 3091 spes
796 3013 929 3090 potiundi
947 3014 1048 3089 oppidi
1069 3014 1214 3076 discessit.

212 3111 316 3186 Itaque
337 3112 483 3190 paulisper
503 3115 581 3190 apud
599 3114 741 3190 oppidum
760 3113 865 3173 morati
886 3129 1030 3188 agrosque
1049 3111 1215 3175 Remorum

168 3215 200 3276 36
213 3211 381 3287 depopulati
399 3213 535 3276 omnibus
552 3213 622 3272 vicis
641 3212 844 3288 aedificiisque,
859 3229 935 3288 quos
953 3210 1032 3269 adire
1044 3220 1216 3286 potuerant,

213 3309 340 3376 incensis
364 3309 403 3368 ad
430 3321 524 3376 castra
553 3309 686 3372 Caesaris
714 3311 850 3369 omnibus
878 3311 972 3386 copiis
999 3309 1217 3372 contenderunt
1289 3361 1292 3366 .

214 3415 243 3462 et
270 3408 308 3465 ab
335 3407 451 3466 milibus
479 3427 620 3486 passuum
647 3408 743 3468 minus
772 3409 889 3476 duobus¹
915 3418 1008 3468 castra
1033 3419 1215 3485 posuerunt;

215 3519 290 3577 quae
311 3515 412 3580 castra,
433 3517 466 3574 ut
485 3507 568 3575 fumo
589 3516 679 3584 atque
699 3508 815 3584 ignibus
840 3507 1064 3593 significabamr,
1087 3507 1219 3584 amplius,
