2630 3916
112 192 220 259 32-3
222 186 254 256 5.
362 185 409 236 nn
430 184 542 233 narro
564 183 716 235 erarico
739 185 848 238 corrrr.
873 187 914 236 rr.
1069 190 1112 256 49

99 343 181 396 'cum
195 337 254 395 iam
269 335 437 394 defenderet
451 353 549 406 uerno,
561 344 648 412 atque
663 334 837 395 intromissis
851 335 991 395 militibus
1005 336 1112 394 nostris

110 436 273 496 sectionem
294 433 356 493 eius
375 432 476 510 oppidi
495 432 661 493 universam
681 433 791 494 Caesar
809 433 947 494 vendidit.
988 434 1037 493 Ab
1056 434 1112 506 his,

110 535 161 612 qui
183 541 323 604 emerant,
342 533 470 609 capitum
492 549 632 590 numerus
655 532 694 591 ad
716 549 784 590 eum
805 531 912 591 relatus
933 543 977 592 est
999 533 1111 591 milium

110 632 323 712 quinquaginta
336 632 431 689 trium.
1130 631 1133 646 ¹

151 732 268 792 Eodem
296 740 428 806 tempore
450 745 468 787 a
492 727 524 786 P.
553 727 671 801 Crass0,
700 747 789 806 quem
811 739 878 788 cunr
907 728 1023 806 legione
1052 748 1137 796 una5

109 833 227 890 miserat
240 829 277 888 ad
287 828 430 899 Venetos,
441 826 590 898 Venellos
602 826 747 901 OsismoS,
759 827 957 900 Curiosolitas,
972 827 1108 898 Esubios,

109 930 263 1000 Aulercos,
279 928 430 998 Redones,
446 944 521 1003 quae
536 935 604 985 sunt
617 927 789 987 maritumae
799 928 928 986 civitates
942 925 1109 986 Oceanum·

110 1047 168 1106 que
188 1029 343 1104 attingunt,
361 1025 466 1084 certior
479 1024 573 1083 factus
592 1033 636 1083 est
656 1043 761 1085 omnes
783 1043 833 1084 eas
853 1025 980 1084 civitates
994 1025 1025 1084 in
1039 1026 1108 1085 dici-

109 1145 201 1186 onem
219 1134 453 1203 potestatemque
467 1123 570 1199 populi
584 1121 712 1181 Romani
729 1141 793 1183 esse
807 1121 947 1184 redactas.

151 1225 210 1288 His
231 1226 318 1284 rebus
337 1222 427 1299 gestis
447 1221 530 1279 omni
551 1220 645 1282 Gallia
665 1231 770 1298 pacata
789 1232 870 1282 tanta
884 1222 968 1281 huius
990 1223 1057 1282 belli
1071 1223 1109 1284 ad
1125 1239 1153 1275 10

108 1326 251 1384 barbaros
270 1322 370 1399 opinio
390 1318 501 1397 perlata
515 1328 568 1391 est,
582 1319 624 1377 uti
638 1321 724 1378 abiis
745 1321 919 1394 nationibus,
940 1339 1015 1398 quae
1029 1333 1108 1382 trans

109 1420 250 1482 Rhenum
269 1421 438 1490 incolerent,
458 1419 640 1478 mitterentur
659 1419 747 1496 legati
764 1420 803 1478 ad
823 1419 988 1494 Caesarem,
1008 1425 1057 1498 qui
1076 1441 1108 1482 se

109 1523 229 1582 obsides
244 1519 368 1590 damnas,
383 1519 527 1594 imperata
539 1516 665 1577 factmas
679 1513 889 1594 pollicerentur.
932 1518 1015 1591 Quas
1029 1523 1109 1598 lega·

109 1623 205 1682 tiones
220 1619 338 1690 Caesar,
354 1616 435 1694 quod
448 1616 480 1674 in
493 1615 609 1674 Italiam
623 1617 827 1696 Illyricumque
842 1622 1024 1696 properabat,
1039 1622 1109 1681 inita

109 1721 244 1798 proxima
258 1726 366 1776 aestate
375 1715 414 1774 ad
428 1733 460 1773 se
474 1714 576 1773 reverti
589 1715 678 1774 iussit.
714 1715 782 1793 Ipse
796 1718 827 1774 in
840 1715 991 1790 Carnutes,
1005 1720 1108 1780 Andes
1123 1737 1151 1786 15

109 1821 316 1893 Turonesque,
337 1832 412 1890 quae
432 1812 560 1872 civitates
582 1815 765 1890 propinquae
786 1814 831 1873 his
852 1815 924 1875 locis
946 1828 1037 1890 erant,
1058 1820 1108 1878 ubi

108 1917 217 1976 bellum
232 1921 372 1991 gesserat,
385 1910 550 1987 legionibus
564 1911 595 1968 in
605 1910 793 1971 hibernacula
805 1912 935 1972 deductis
948 1913 979 1972 in
993 1913 1107 1974 ltaliam

108 2016 257 2094 profectus
277 2022 337 2084 est3
362 2012 402 2070 ob
423 2027 532 2085 easque
550 2027 596 2068 res
617 2028 653 2068 ex
674 2009 774 2069 litteris
793 2009 926 2070 Caesaris
948 2012 1009 2070 dies
1023 2014 1107 2089 quin-

108 2115 205 2176 decim
227 2111 399 2188 supplicatio
421 2109 537 2179 decreta
555 2116 611 2178 est,
632 2108 713 2183 quod
730 2117 798 2168 ante
814 2108 845 2167 id
865 2117 981 2186 tempus
1003 2111 1107 2176 accidit

107 2215 185 2276 nulli.
