2630 3916
131 209 284 277 ,ro-23.
394 205 440 254 aa
460 206 573 257 narro
597 205 747 256 narsico
771 207 881 257 aaran.
905 208 945 256 rr·
1096 212 1140 279 43

141 373 239 417 rerum
261 361 402 434 magnam
425 367 539 434 partem
550 359 690 435 temporis
708 359 832 418 brevitas
850 369 880 418 et
898 375 1051 418 successus
1072 357 1140 418 hos·

139 455 213 514 tium
227 456 412 532 impediebat.
455 455 513 516 His
526 457 739 517 difficultatibus
754 458 829 517 duae
843 476 889 516 res
903 465 985 516 erant
999 457 1139 529 subsidio,

139 555 263 614 scientia
293 564 381 632 atque
411 573 481 616 usus
515 555 647 628 militum,
678 556 760 633 quod
793 556 991 633 superioribus
1022 555 1140 632 proeliis

138 653 296 726 exercitati,
311 655 381 730 quid
394 654 455 713 fieri
474 663 629 730 oporteret,
644 672 706 713 non
722 654 819 714 minus
836 654 993 714 commode
1008 654 1065 729 ipsi
1085 653 1138 712 sibi

131 753 344 827 praescribere,
369 770 458 828 quam
486 753 524 812 ab
552 752 614 812 aliis
642 753 741 813 doceri
765 761 908 829 poterant,
936 762 964 810 et
992 751 1073 829 quod
1101 752 1165 820 aba

137 867 227 928 opere
240 851 418 928 singulisque
429 851 594 927 legionibus
604 849 735 927 singulos
742 851 854 927 legatos
866 849 974 910 Caesar
989 848 1138 909 discedere

136 949 193 1010 nisi
207 950 325 1008 munitis
344 951 445 1010 castris
463 959 600 1009 vetuerat.
642 948 685 1008 Hi
705 939 824 1027 propter
843 948 1090 1026 propinquitatem
1110 958 1139 1006 et

137 1046 313 1108 celeritatem
334 1047 463 1108 hostium
483 1047 554 1106 nihil
575 1049 634 1107 iam
655 1046 788 1107 Caesaris
812 1047 966 1123 imperium
986 1053 1138 1122 exspecta·

136 1143 216 1215 bant,
228 1146 281 1204 sed
295 1164 348 1222 per
359 1163 390 1205 se
405 1164 480 1223 quae
491 1146 662 1207 videbantur
671 1145 919 1204 administrabant.
961 1149 1007 1204 21.
1030 1141 1138 1203 Caesar

136 1245 309 1304 necessariis
337 1245 424 1304 rebus
451 1244 599 1321 imperatis
626 1244 665 1304 ad
690 1244 887 1304 cohortandos
910 1243 1024 1312 milites,
1046 1253 1183 1317 'quam10

136 1351 251 1418 partem
279 1341 338 1402 fors
366 1343 478 1414 obtulit,
507 1343 669 1402 decucurrit
698 1353 728 1402 et
755 1343 793 1402 ad
820 1343 968 1419 legionem
993 1339 1138 1400 decimam

137 1439 261 1500 devenit.
304 1440 413 1500 Milites
440 1458 502 1500 non
530 1440 664 1517 longiore
692 1443 822 1504 oratione
847 1439 1024 1508 cohortatus
1049 1454 1139 1514 quam

135 1539 178 1600 uu·
205 1557 276 1598 suae
304 1541 443 1616 pristinae
466 1540 577 1599 virtutis
604 1541 778 1600 memoriam
805 1540 960 1600 retinerent
987 1555 1045 1599 neu
1073 1554 1137 1612 per·

135 1638 319 1696 turbarentur
338 1638 437 1697 animo
456 1637 643 1716 hostiumque
664 1641 805 1716 impetum
824 1639 934 1698 fortiter
954 1635 1137 1706 sustinerent,

135 1735 219 1811 quod
242 1753 305 1794 non
328 1736 444 1812 longius
472 1736 571 1796 hostes
596 1738 725 1810 aberant,
751 1756 840 1815 quam
865 1754 924 1814 quo
948 1735 1037 1794 telum
1062 1733 1137 1794 adici
1153 1747 1181 1796 ¹5

135 1842 245 1910 posset,
259 1835 360 1910 proelii
375 1835 577 1894 committendi
591 1837 708 1913 signum
723 1836 810 1896 dedit.
851 1835 949 1911 Atque
967 1835 998 1892 in
1017 1832 1137 1892 alteram

134 1943 249 2010 partem
276 1934 346 1992 item
371 1934 545 1994 cohortandi
569 1954 659 1995 causa
685 1935 832 2012 profectus
861 1933 1058 2010 pugnantibus
1085 1948 1136 1992 oo-

135 2032 231 2092 currit.
275 2032 433 2108 Temporis
445 2043 525 2092 tanta
535 2033 589 2092 fuit
598 2035 739 2110 exiguitas
748 2033 933 2107 hostiumque
946 2041 1007 2089 tam
1017 2038 1136 2107 paratus

133 2131 174 2192 ad
188 2131 387 2191 dimicandum
398 2133 523 2204 animus,
537 2142 569 2190 ut
583 2151 644 2190 non
657 2132 748 2191 modo
767 2131 805 2190 ad
824 2130 950 2205 insignia
968 2145 1136 2188 accommo-

134 2229 241 2300 danda,
264 2229 317 2290 sed
338 2231 425 2290 etiam
446 2231 485 2290 ad
505 2230 603 2306 galeas
624 2229 795 2290 induendas
812 2229 958 2304 scutisque
977 2227 1137 2304 tegimenta
1152 2252 1182 2287 ee

133 2326 313 2389 detrahenda
340 2338 456 2404 tempus
485 2327 614 2388 defuerit.
657 2328 756 2402 Quam
780 2329 903 2405 quisque
932 2329 969 2387 ab
993 2345 1082 2404 opere
1104 2328 1137 2386 in

132 2437 247 2504 partem
262 2445 332 2486 casu
346 2427 462 2486 devenit
478 2443 612 2505 quaeque
626 2428 721 2504 prima
733 2427 822 2504 signa
836 2427 997 2503 conspexit,
1012 2427 1137 2487 adhaec

132 2526 272 2597 constitit,
293 2545 331 2584 ne
349 2526 380 2584 in
399 2525 573 2602 quaerendis
593 2526 652 2585 suis
672 2526 823 2602 pugnandi
843 2536 959 2602 tempus
974 2525 1135 2584 dimitteret

133 2631 186 2684 22.
209 2623 367 2684 Instructo·
384 2625 520 2697 exercitu,
549 2625 642 2701 magis
670 2634 702 2684 ut
729 2625 787 2685 loci
815 2635 918 2684 natura
950 2625 1137 2702 deiectusque

132 2723 217 2785 collis
232 2731 261 2782 et
274 2724 431 2783 necessitas
445 2723 595 2800 temporie,
610 2741 699 2800 quam
712 2733 745 2781 ut
758 2723 800 2782 rei
816 2723 944 2782 militaris
961 2723 1034 2782 ratio
1049 2731 1136 2799 atque
1152 2742 1181 2793 25

131 2823 207 2884 ordo
228 2823 402 2898 postulabat,
423 2840 491 2881 cum
511 2823 629 2884 diversis
650 2823 814 2899 legionibus
835 2823 908 2880 aliae
930 2821 985 2880 alia
1006 2821 1037 2879 in
1055 2831 1137 2898 parte

131 2923 266 2984 hostibus
283 2923 458 2994 resisterent,
476 2923 653 2998 sepibusque
670 2922 858 2994 densissimis,
875 2931 908 2982 ut
926 2932 993 2982 ante
1012 2922 1136 2981 demon·

131 3021 295 3096 matrimus,
326 3021 482 3080 interiectis
511 3030 684 3097 prospectus
712 3021 909 3097 impediretur,
934 3039 1030 3097 neque
1058 3030 1137 3080 certa

131 3120 262 3182 subsidia
284 3119 419 3178 collocari
440 3135 546 3195 neque,
568 3119 639 3196 quid
657 3119 689 3177 in
710 3137 827 3196 quaque
848 3129 932 3196 parte
953 3138 1029 3196 opus
1050 3127 1136 3190 esset,

129 3219 276 3298 provideri
293 3236 389 3294 neque
405 3218 442 3276 ab
455 3236 516 3276 uno
534 3217 634 3276 omnia
649 3217 772 3293 imperia
786 3218 979 3276 administrari
993 3227 1136 3293 poterant.
1151 3239 1183 3290 30

129 3321 235 3397 Itaque
263 3318 294 3375 in
318 3325 399 3375 tanta
422 3334 519 3375 rerum
542 3316 693 3392 iniquitate
717 3305 850 3375 fortunae
874 3334 991 3392 quoque
1016 3326 1137 3376 eventus

128 3420 199 3480 varii
214 3419 419 3494 sequebantur.
460 3422 510 3476 23.
533 3415 672 3492 Legionis
686 3434 782 3475 nonae
797 3427 825 3475 et
837 3415 966 3475 decimae
980 3414 1094 3488 milites,
1105 3428 1138 3476 ut

128 3523 161 3580 in
189 3519 319 3594 sinisua,
333 3525 416 3592 parte
443 3515 506 3578 acie
530 3515 729 3586 constiterant,
756 3514 821 3591 pilis
849 3513 962 3572 emissis
988 3531 1075 3574 cursu
1100 3535 1136 3576 ae
