2650 3918
203 205 262 268 140
403 240 407 249 ,,
531 201 559 251 C.
585 201 679 248 IULII
701 200 872 249 CAESARIS
1079 221 1098 238 ,-
1133 197 1192 244 v11.

198 349 300 425 ltaque
321 350 488 410 cohortatus
509 352 630 411 Aeduos
647 354 684 411 de
704 350 907 427 supportando
923 359 1089 408 commeatu
1110 365 1193 424 prae·

198 449 283 506 mittit
304 449 341 507 ad
362 449 461 521 Boios,
483 451 532 527 qui
554 451 590 509 de
613 469 666 510 suo
686 451 812 509 adventu
830 451 955 508 doceant
976 448 1192 523 hortenturque,

198 555 230 603 ut
252 547 282 604 in
307 547 364 606 fide
387 559 524 607 maneant
546 559 632 624 atque
655 548 781 607 hostium
803 550 944 623 impetum
964 561 1072 622 magno
1094 545 1192 602 animo

199 645 365 704 sustineant.
407 645 529 705 Duabus
544 647 686 722 Agedinci
701 647 863 723 legionibus
878 656 963 720 atque
978 643 1193 720 impedimentis

170 744 286 808 stotius
308 746 451 805 exercitus
475 746 578 805 relictis
600 746 638 804 ad
663 745 754 805 Boios
781 746 977 822 proficiscitur.
1030 750 1071 802 11.
1092 743 1192 800 Altero

199 841 245 900 die
268 861 334 901 cum
363 844 400 902 ad
428 845 569 920 oppidum
599 845 750 904 Senonum
777 844 1032 902 Vellaunodunum
1060 842 1193 911 venisset,

200 959 237 998 ne
264 960 352 1016 quern
380 953 448 1019 post
476 961 507 1001 se
536 942 651 1002 hostem
672 943 851 1020 relinqueret,
878 961 936 1020 quo
964 941 1140 1016 expeditiore
1163 958 1193 998 te

199 1039 386 1099 frumentaria
409 1051 543 1110 uteretur,
569 1060 740 1118 oppugnare
764 1042 883 1099 instituit
907 1041 995 1116 idque
1022 1039 1112 1096 biduo
1139 1038 1194 1094 cir-

200 1139 395 1210 cumvallavit;
417 1140 502 1197 tertio
522 1140 568 1196 die
583 1140 679 1198 missis
698 1158 734 1197 ex
753 1138 864 1215 oppido
880 1139 981 1213 legatis
997 1138 1033 1196 de
1048 1135 1194 1194 deditione

155 1259 187 1296 ro
200 1255 279 1296 arma
298 1237 430 1308 conferri,
448 1239 575 1296 iumenta
591 1238 722 1313 produci,
737 1255 777 1294 bc
799 1237 916 1295 obsides
938 1236 998 1294 dari
1019 1237 1107 1292 iubet.
1149 1233 1194 1290 Ea

200 1337 249 1414 qui
270 1337 433 1406 conficeret,
456 1335 562 1395 Gaium
583 1336 764 1394 Trebonium
785 1336 912 1411 legatum
934 1335 1074 1410 relinquit.
1116 1331 1192 1408 lpse,

198 1445 230 1492 ut
258 1453 346 1510 quam
375 1435 499 1510 primum
533 1435 585 1492 iter
615 1435 730 1504 laceret,
759 1433 911 1492 Cenabum
939 1431 1099 1490 Carnutum
1126 1449 1193 1506 pro-

199 1534 349 1604 ficiscitur;
371 1534 420 1610 qui
443 1543 504 1591 turn
529 1533 766 1610 primumallato
791 1533 895 1591 nuntio
916 1531 952 1590 de
975 1531 1194 1606 oppugnatione

199 1630 422 1702 Vellaunoduni,
438 1651 505 1691 cum
520 1632 635 1707 longius
652 1651 721 1690 eam
736 1650 797 1688 rem
812 1632 929 1690 ductum
944 1631 976 1688 iri
991 1630 1193 1700 existimarent,

155 1747 185 1796 15
199 1731 374 1806 praesidium
399 1730 509 1788 Cenabi
533 1731 633 1788 tuendi
656 1748 751 1800 causa,
776 1730 855 1805 quod
880 1747 915 1786 eo
938 1729 1090 1800 mitterent,
1113 1738 1195 1786 corn-

118 1887 120 1891 .
200 1831 348 1904 parabant.
392 1829 461 1887 Huc
494 1829 585 1887 biduo
620 1829 756 1904 pervenit.
806 1827 915 1886 Castris
951 1837 1017 1886 ante
1053 1825 1195 1902 oppidum

199 1927 301 2002 positis
326 1927 381 1986 diei
405 1937 537 2003 tempore
559 1928 692 1985 exclusus
715 1927 744 1984 in
768 1937 918 2003 posterum
943 1926 1195 2002 oppugnationem

200 2024 292 2082 differt
313 2043 445 2101 quaeque
466 2025 503 2082 ad
525 2043 589 2082 eam
610 2043 672 2082 rem
691 2024 755 2082 usui
777 2025 833 2082 sint
854 2023 988 2082 militibus
1013 2024 1135 2099 imperat
1158 2034 1196 2092 et,

200 2124 280 2199 quod
302 2123 443 2200 oppidum
466 2122 618 2181 Cenabum
640 2141 716 2198 pons
740 2122 865 2180 fluminis
886 2121 998 2196 Ligeris
1019 2123 1196 2194 continebat,

156 2223 314 2292 reveritus
336 2240 373 2280 ne
400 2230 488 2279 noctu
513 2240 549 2279 ex
570 2221 681 2297 oppido
702 2220 899 2297 profugerent,
922 2221 993 2279 duas
1014 2220 1144 2296 legiones
1165 2221 1195 2287 ip

200 2321 287 2378 armis
321 2321 470 2378 excubare.
498 2319 584 2377 iubet.
629 2318 815 2377 Cenabenses
850 2319 937 2395 paulo
972 2328 1038 2376 ante
1068 2319 1194 2376 mediam

200 2426 317 2474 noctem
332 2416 444 2474 silentio
459 2435 494 2473 ex
514 2417 626 2492 oppido
645 2417 754 2492 egressi
767 2417 877 2475 flumen
894 2417 1013 2475 transire
1027 2427 1194 2492 coeperunt.

201 2513 269 2585 Qua
296 2533 326 2572 re
354 2533 405 2590 per
433 2514 631 2590 exploratores
660 2516 790 2573 nuntiata
820 2514 928 2573 Caesar
954 2514 1093 2589 legiones,
1122 2524 1196 2592 quas

201 2613 350 2688 expeditas
384 2630 448 2670 esse
481 2613 609 2683 iusserat,
638 2613 728 2688 portis
761 2613 885 2671 incensis
919 2613 1079 2670 intromittit
1109 2622 1196 2688 atque

157 2723 187 2772 ²5
200 2711 312 2787 oppido
339 2711 454 2786 potitur·
467 2711 626 2786 ,perpaucis
654 2730 690 2769 ex
718 2712 845 2769 hostiurn
873 2729 994 2770 numero
1020 2711 1196 2782 desideratis

202 2809 271 2886 quin
286 2805 381 2867 cuncti
396 2818 576 2884 caperentur,
591 2809 670 2886 quod
685 2811 782 2886 pontis
797 2818 883 2886 atque
898 2809 1032 2868 itinerum
1047 2811 1196 2885 angustiae

199 2907 389 2966 multitudinis
415 2907 515 2984 fugam
544 2909 766 2968 intercluserant.
812 2908 963 2983 Oppidum
991 2908 1087 2984 diripit
1110 2917 1197 2984 atque

200 3005 336 3075 incendit,
358 3007 497 3080 praedam
520 3006 657 3065 militibus
680 3007 779 3075 donat,
803 3007 960 3064 exereitum
985 3005 1119 3081 Ligerem
1140 3015 1198 3064 tra·

201 3103 280 3161 ducit
298 3113 385 3178 atque
404 3105 434 3161 in
453 3104 612 3181 Biturigum
628 3106 700 3163 lines
720 3105 855 3181 pervenit.
898 3110 943 3162 12.
967 3105 1197 3180 Vercingetorix,

157 3201 251 3260 zoubi
279 3201 315 3259 de
344 3201 476 3260 Caesaris
506 3204 632 3261 adventu
663 3202 807 3278 cognovit,
837 3203 1058 3279 oppugnatione
1090 3203 1199 3264 destitit

202 3307 287 3374 atque
306 3299 421 3358 obviam
437 3299 553 3360 Caesari
569 3301 765 3378 proficiscitur.
808 3301 859 3360 Ille
875 3302 1021 3386 voppidum
1036 3301 1199 3378 Biturigum

202 3397 328 3470 positum
356 3399 386 3458 in
414 3400 459 3458 via
486 3399 694 3459 Noviodunum
722 3417 893 3475 oppugnare
918 3400 1085 3459 instituerat.
1128 3401 1199 3473 Quo

201 3509 239 3552 ex
266 3497 376 3574 oppido
404 3519 471 3560 cum
485 3500 647 3579 legatiad
669 3517 736 3559 eum
763 3499 913 3568 venissent
934 3509 1057 3574 oratum,
1084 3511 1116 3562 ut
1144 3505 1199 3564 sibt
