2630 3916
191 209 210 257 2
523 205 552 254 Ο.
576 205 670 253 IULII
690 203 863 252 CAESARIS
1155 211 1178 254 1.

188 352 265 428 capit
292 371 310 412 a
339 352 458 411 flumine
486 352 649 426 Rhodano;
678 353 840 412 continetur
872 351 1022 412 Garumna
1049 349 1196 428 flumine,
1206 351 1209 361 “

187 452 318 524 Oceano,
348 452 455 512 finibus
483 451 655 530 Belgarum;
664 425 797 528 attingit
818 452 904 511 etiam
926 453 964 510 ab
985 451 1127 528 Sequanis
1148 465 1177 514 et

186 547 327 610 Helvetiis
340 550 450 610 flumen
465 549 618 624 Rhenum,
640 551 731 628 vergit
752 551 790 610 ad
808 569 860 628 sep
860 536 1044 610 tentriones
1068 551 1175 628 Belgae

185 649 223 708 ab
255 651 391 708 extremis
410 648 530 708 Galliae
557 650 663 708 finibus
689 650 838 708 oriuntur:
868 650 1013 726 pertinent
1040 651 1077 709 ad
1103 651 1175 710 infe

144 773 150 788 ·
157 773 171 823 5
185 749 292 807 riorem
317 760 429 826 partem
449 748 576 807 fluminis
598 748 710 807 Rheni:
739 757 871 825 spectant
897 749 927 806 in
948 750 1173 826 septentrionem

184 859 213 907 et
240 848 383 907 orientem
411 847 513 907 solem.
570 847 727 924 Aquitania
756 867 774 908 a
808 847 958 906 Garumna
989 848 1108 908 flumine
1136 850 1173 909 ad

184 946 349 1024 Pyrenaeos
376 945 492 1004 montes
520 954 549 1004 et
576 963 642 1004 eam
669 955 781 1022 partem
809 944 930 1018 Oceani,
959 965 1033 1023 quae
1065 960 1109 1006 est
1135 948 1173 1022 ad

182 1041 366 1120 Hispaniam,
387 1044 529 1120 pertinet3
552 1052 668 1121 spectat
695 1045 769 1104 inter
788 1062 927 1104 occasum
955 1046 1024 1105 solis
1052 1055 1082 1106 et
1108 1065 1172 1123 sep·

182 1143 348 1201 tentriones.

140 1270 170 1306 10
224 1245 253 1298 2.
280 1239 369 1316 Apud
388 1237 539 1298 Helvetios
557 1239 646 1315 longe
673 1241 871 1300 nobilissimus
892 1251 921 1300 et
942 1241 1098 1346 ditissimup
1119 1242 1172 1302 fuit

183 1336 348 1413 Orgetorix.
374 1320 384 1402 ι
388 1337 419 1396 Is
440 1336 482 1395 M.
505 1337 634 1396 Messala
655 1347 683 1397 et
708 1338 748 1396 M.
772 1337 879 1398 Pisone
901 1340 1076 1432 consulibus)
1089 1341 1171 1416 regni

181 1436 338 1512 cupiditate
351 1435 484 1494 inductus
499 1437 729 1495 coniurationem
750 1437 906 1496 nobilitatis
926 1437 996 1496 fecit
1013 1449 1042 1498 et
1063 1440 1185 1518 civitatis,

180 1536 330 1611 persuasit,
352 1545 383 1593 ut
404 1535 441 1594 de
461 1534 567 1594 finibus
588 1535 646 1593 suis
667 1553 734 1594 cum
761 1536 898 1594 omnibus
919 1537 1012 1612 copiis
1037 1527 1201 1626 exirent?

181 1633 316 1709 perfacile
351 1652 423 1703 esse,
458 1651 525 1692 cum
555 1633 657 1706 virtute
691 1634 826 1712 omnibus
860 1602 1059 1710 praestarent?
1080 1637 1169 1695 totius

137 1754 166 1804 15
182 1729 293 1790 Galliae
313 1695 550 1807 imperio⁹p0tirt
593 1730 628 1789 Id
647 1731 704 1790 hoc
721 1731 833 1804 facilius
854 1734 897 1791 eis
917 1733 1066 1809 persuasit,
1088 1733 1168 1809 quod

179 1830 308 1906 undique
335 1830 393 1888 loci
419 1840 521 1888 natura
548 1828 674 1887 Helvetii
702 1831 900 1889 continentur:
936 1849 995 1888 una
1022 1848 1059 1888 ex
1086 1839 1168 1906 parte

179 1928 300 1987 flumine
324 1928 430 1987 Rheno
451 1928 591 1988 latissimo
612 1936 699 2004 atque
720 1927 867 2000 altissimo,
889 1929 939 2004 qui
967 1947 1069 2004 agrum
1096 1928 1168 1988 Hel·
1205 1953 1208 1957 ·
1313 1957 1314 1960 ¹

180 2028 287 2086 vetium
315 2046 332 2086 a
360 2026 515 2086 Germanis
543 2025 658 2098 dividit;
687 2027 775 2084 altera
801 2045 837 2083 ex
865 2036 947 2103 parte
974 2037 1074 2085 monte
1101 2025 1171 2086 Iura

87 2157 90 2208 3
178 2125 329 2197 altissimo
351 2125 400 2202 qui
421 2133 465 2184 est
484 2124 557 2182 inter
579 2123 731 2200 Sequanos
752 2135 781 2181 et
802 2122 969 2196 Helvetios3
998 2125 1081 2183 tertia
1104 2124 1169 2184 lacu

136 2251 167 2286 ιο
179 2224 389 2282 Lemanno
360 2232 389 2282 et
415 2223 535 2282 flumine
565 2221 722 2293 Rhodano,
750 2221 800 2297 qui
830 2222 1007 2304 provinciam
1040 2233 1169 2282 nostram

1 2363 2 2370 ι
110 2369 120 2387 .
180 2324 217 2380 ab
245 2321 386 2380 Helvetiis
415 2296 556 2382 dividit?
552 2319 621 2379 His
648 2299 739 2378 rebus'
759 2317 908 2429 fiebatst
876 2329 908 2378 ut
919 2331 962 2378 et
988 2321 1085 2378 minus
1111 2321 1170 2380 late
1274 2357 1277 2364 ·

121 2466 124 2483 .
134 2421 356 2496 vagarentur
370 2429 398 2476 et
416 2419 512 2477 minus
520 2388 614 2478 facile
633 2418 702 2476 ιιιιιΙ
747 2436 765 2515 s
759 2391 884 2476 bellum
907 2385 1015 2478 inferre
1030 2431 1167 2495 possent,

119 2489 238 2606 (qua
272 2535 308 2576 ex
343 2525 424 2593 parte
457 2516 591 2576 homines
625 2517 672 2575 bel
722 2498 773 2576 di
787 2516 885 2593 cupidi
918 2535 1026 2593 magno
1066 2518 1167 2576 dolore

121 2599 400 2694 afficiebantur)
434 2614 491 2674 Pro
522 2614 702 2674 multitudine
737 2623 833 2676 autem
866 2613 1047 2700 bominum
1052 2626 1080 2674 et
1114 2633 1169 2694 pro

19 2786 22 2800 .
115 2740 166 2791 ,25
180 2713 271 2790 gloria
297 2713 364 2772 belli
398 2723 484 2790 atque
516 2713 692 2775 fortitudinis
729 2723 867 2790 angustos
900 2733 931 2772 se
964 2697 1048 2773 finis⁶
1061 2714 1168 2778 habero

179 2814 395 2884 arbitrabantur,
424 2813 531 2889 quiin
501 2812 777 2888 rnlongitudinem,
806 2789 906 2872 milia)
916 2829 1054 2913 passupm
1082 2829 1168 2886 ooxn,

178 2911 209 2967 in
230 2910 410 2969 latitudinem
427 2927 534 2968 oum
556 2912 702 2986 patebant
757 2917 786 2970 3.
814 2910 872 2969 His
894 2913 980 2974 rebus
1001 2913 1118 2972 adducti
1140 2923 1168 2970 et

168 3007 346 3066 auctoritate
374 3006 554 3084 Orgetorigis
582 3009 706 3085 permoti
725 3001 944 3120 constituerupt
963 3029 1006 3082 ea,
1029 3029 1102 3086 quae
1130 3011 1170 3071 ad

177 3105 421 3182 proficiscendum
442 3107 626 3182 pertinerent,
648 3125 825 3184 comparare,
846 3109 1042 3198 iumentorum
1060 3119 1089 3168 et
1107 3128 1169 3170 car·

4 3249 6 3256 .
59 3206 79 3245 “-
133 3234 165 3282 30
177 3221 276 3263 rorum
263 3221 385 3282 quam
403 3205 562 3264 maximum
579 3223 732 3264 numerum
751 3213 893 3278 coemere,
912 3207 1059 3266 sementes
1080 3225 1171 3284 quarn

177 3302 319 3360 maximas
346 3300 451 3373 facere,
472 3312 503 3362 ut
531 3303 561 3360 in
588 3303 689 3362 itinere
717 3305 804 3382 copia
830 3304 967 3364 frumenti
995 3317 1169 3382 suppeteret,

178 3416 245 3456 curn
265 3399 406 3476 proximis
427 3401 587 3460 civitatibus
616 3419 720 3477 pacem
747 3413 777 3461 et
804 3404 959 3463 amicitiam
987 3405 1169 3466 confirmare.

178 3496 226 3556 Ad
245 3515 294 3556 eas
311 3515 356 3558 res
377 3499 573 3560 conficiendas
590 3501 739 3564 biennium
757 3503 812 3564 sibi
823 3503 900 3563 satis
920 3521 983 3564 esse
1008 3503 1177 3566 ιιιιιιιιιιιιιιΙ
