2650 3918
210 200 270 248 122
425 243 430 254 ,
510 197 561 254 ,ο.
585 197 678 246 rurrr
699 194 873 246 cursurus
1056 245 1061 259 ,
1156 196 1199 274 ur.

206 347 237 404 in
263 344 413 406 latrocinio
442 356 490 405 aut
519 345 614 423 aliqua
641 364 720 406 noxa
749 345 806 405 sint
839 345 1050 422 comprehensi,
1078 346 1201 423 gratiora

207 445 251 503 dis
279 445 488 503 immortalibus
516 463 580 503 esse
608 445 795 518 arbitrantur;
828 445 881 504 sed
905 463 972 503 cum
1000 445 1061 503 eius
1088 447 1201 525 generis

207 544 292 619 copia
316 543 428 615 defecit,
450 544 537 602 etiam
562 543 599 600 ad
623 543 821 601 innocentium
847 543 987 618 supplicia
1012 519 1199 602 descleiriiurit.

206 647 252 702 17.
274 641 371 700 Deum
396 641 523 700 maxime
545 640 722 700 Mercurium
745 641 858 700 colunt:
884 641 968 699 huius
991 639 1202 736 suntplurima

179 740 375 812 ssimulacra3
403 740 481 798 hunc
505 739 637 797 omnium
661 741 841 812 inventorem
869 740 971 797 artium
995 714 1201 822 ferillilff‘hunc

206 841 317 898 viarum
343 850 429 917 atque
453 840 589 898 itinerum
610 837 724 910 ducem,
745 838 822 896 hunc
838 837 875 898 ad
896 817 1050 914 <pilisini
1061 831 1201 915 pecuniae

206 947 440 1014 mercaturasque
475 938 582 996 habere
616 938 674 994 vim
709 937 866 995 maximam
900 937 1080 996 arbitrantur.
1131 937 1203 996 Post

207 1036 283 1094 hunc
312 1036 478 1111 Apollinem
506 1044 534 1094 et
562 1035 687 1093 Martem
714 1043 742 1092 et
767 1034 868 1092 lovem
890 1045 919 1092 et
943 1035 1114 1094 Minervam.
1147 1035 1201 1111 ¹De

207 1133 251 1190 his
272 1134 397 1191 eandem
416 1133 483 1203 fere,
505 1132 740 1227 quamhrefflliquae
762 1142 864 1207 gentes
887 1134 995 1192 habent
1014 1135 1200 1209 opinionem:

164 1245 194 1280 10
207 1231 372 1306 Apollinem
387 1232 506 1311 morbos
522 1219 672 1306 depellere
684 1229 846 1288 Minervam
861 1248 982 1306 operum
998 1242 1084 1308 atque
1099 1231 1201 1290 artific-

206 1331 301 1387 iorum
334 1329 412 1387 initia
440 1312 561 1399 tradere,
589 1329 690 1386 Iovem
718 1328 868 1403 imperium
896 1329 1067 1388 caelestium·
1093 1339 1200 1398 tenere,

207 1426 333 1484 Martem
347 1426 421 1484 bella
436 1444 544 1500 regere.
587 1425 674 1496 Huic,
689 1444 756 1483 cum
770 1426 878 1501 proelio
894 1425 1028 1486 dimicare
1044 1429 1200 1486 constitue-

207 1534 281 1595 runt,
306 1543 350 1596 ea,
374 1543 449 1600 quae
477 1524 553 1582 bello
581 1523 717 1599 ceperint,
745 1523 915 1601 plerumque
943 1524 1102 1584 devovent:
1135 1543 1201 1584 cum

208 1634 420 1698 superaverunt,
446 1623 580 1682 animalia
595 1617 688 1714 capsa
715 1614 1072 1718 imolantsffeliquasque
1097 1641 1143 1682 res
1171 1624 1201 1681 in

165 1723 192 1772 ¹5
207 1739 302 1802 unum
316 1721 413 1808 locum
433 1721 607 1779 conserunt.‘
636 1719 735 1778 Multis
754 1720 784 1776 in
805 1721 965 1780 civitatibus
983 1723 1085 1780 harum
1105 1739 1202 1780 rerum

207 1801 369 1876 exstructos
389 1818 516 1876 tumulos
535 1817 607 1876 locis
622 1817 796 1875 consecratis
817 1819 978 1893 conspicari
997 1819 1079 1890 licet;
1105 1837 1202 1896 neque

207 1935 294 1992 saepe
309 1917 420 1987 accidit,
440 1927 472 1975 ut
490 1916 623 1992 neglecta
639 1915 795 1992 quispiamr
803 1915 941 1991 religione
961 1926 1010 1975 aut
1025 1927 1109 1992 capta
1123 1919 1202 1994 apud

207 2035 239 2076 se
254 2016 398 2074 occultare
417 2025 466 2073 aut
481 2015 575 2090 posita
589 2013 686 2072 tollere
698 2013 839 2102 auderet,
844 2015 1100 2092 gravissimumque
1116 2017 1142 2074 ei
1161 2017 1202 2074 rei

207 2114 380 2208 suppliciupp
395 2133 462 2200 cum
476 2114 604 2172 cruciatu
618 2111 873 2211 constitutuppest.
895 2119 957 2181 118.
980 2113 1056 2172 Galli
1070 2132 1101 2172 se
1116 2133 1201 2175 omn-

162 2231 192 2264 20
206 2233 238 2274 es
261 2215 298 2270 ab
321 2211 389 2271 Dite
403 2197 492 2288 ‘patre
513 2221 672 2287 prognatos
694 2198 861 2286 piise‘dicaiit
875 2198 968 2287 'idque
990 2213 1026 2270 ab
1053 2213 1202 2272 druidibus

205 2313 351 2388 proditum
380 2312 489 2370 dicunt,
532 2311 580 2371 Ob
605 2327 669 2366 eam
690 2325 809 2366 causam
833 2309 925 2384 spatia
945 2310 1041 2368 omnis
1062 2312 1201 2388 temporis

206 2428 267 2468 non
288 2427 409 2467 numero
438 2410 558 2479 dierum,
580 2407 632 2466 sed
653 2407 781 2465 noctium
802 2406 921 2479 finiunt;
951 2408 1012 2466 dies
1037 2409 1146 2468 natales
1171 2419 1201 2466 et

206 2508 350 2565 mensium
372 2516 401 2564 et
422 2524 567 2565 annorum
585 2506 664 2563 initia
687 2506 728 2563 sic
750 2505 912 2577 observant,
937 2517 969 2564 ut
993 2516 1110 2565 noctem
1139 2509 1201 2567 dies

207 2607 406 2681 subsequatur.
449 2606 485 2663 In
503 2605 618 2681 reliquis
637 2605 711 2661 vitae
730 2603 864 2662 institutis
877 2604 935 2662 hoc
950 2603 1008 2663 fere
1028 2607 1064 2663 ab
1085 2607 1202 2684 reliquis

162 2725 191 2774 ²5
207 2704 350 2775 differunt,
367 2705 446 2780 quod
466 2721 533 2762 suos
550 2704 664 2772 liberos,
680 2702 736 2760 nisi
750 2720 817 2760 cum
831 2702 1026 2776 adoleverunt,
1041 2714 1073 2762 ut
1093 2722 1201 2764 munus

206 2801 322 2860 militiae
344 2803 483 2861 sustinere
503 2801 624 2877 possint,
644 2800 740 2877 palam
762 2800 852 2858 adse
874 2801 952 2858 adire
973 2820 1034 2860 non
1055 2804 1202 2878 patiuntur

206 2901 353 2976 filiumque
362 2901 461 2979 puerili
473 2908 565 2957 aetate
580 2887 609 2955 in
623 2899 739 2974 publico
754 2899 784 2955 in
795 2909 954 2974 conspectu
965 2903 1053 2976 patris
1068 2902 1202 2959 assistere

206 3011 289 3074 turpe
312 2999 428 3057 ducunt.
471 3004 519 3056 19.
541 2997 611 3066 Viri,
627 3007 750 3073 quantas
764 2997 903 3072 pecunias
918 3000 955 3057 ab
969 3001 1106 3058 uxoribus
1124 2999 1202 3058 dotis

204 3097 323 3156 nomine
347 3106 519 3172 acceperunt
541 3105 634 3154 tantas
656 3111 692 3153 ex
714 3095 773 3152 suis
793 3094 879 3153 bonis
902 3098 1101 3156 aestimatione
1124 3097 1203 3156 facta

161 3215 192 3262 30
207 3216 274 3256 cum
303 3197 419 3280 dotibus
447 3196 671 3254 communicant.
715 3193 812 3274 Huius
836 3199 932 3256 omnis
959 3198 1100 3273 pecuniae
1128 3214 1202 3255 con-

205 3297 325 3353 iunctim
337 3277 415 3352 ‘iulio
435 3281 554 3352 liabetur
573 3294 738 3369 fructusque
758 3307 920 3355 servantur:
941 3306 1003 3354 uter
1022 3313 1124 3353 eorum
1143 3297 1203 3354 vita

206 3394 357 3468 superavit,
380 3393 503 3450 adeum
524 3411 591 3468 pars
611 3390 757 3467 utriusque
776 3412 843 3452 cum
862 3394 1000 3452 fructibus
1020 3393 1202 3468 superiorum

203 3498 372 3566 ¹temporum
392 3492 528 3568 pervenit.
571 3490 633 3548 Viri
654 3491 684 3548 in
701 3509 816 3572 uxores,
835 3492 916 3572 sicuti
939 3491 968 3548 in
988 3491 1104 3562 liberos,
1126 3493 1202 3572 vitae
