2650 3918
199 175 264 258 rad
429 253 432 257 ⁸
523 191 555 239 c.
575 191 668 246 rmrr
689 190 903 240 crrrrntrrre·v
970 205 978 212 -
1061 237 1064 248 ,
1135 186 1195 238 un·-

196 344 281 402 alces.
325 347 378 402 27..
397 340 510 402 Harum
536 353 581 401 est
605 344 767 402 consimilis
787 343 882 419 capris
902 341 996 416 figura
1015 328 1046 398 et
1068 337 1188 398 varietas

195 442 320 518 pellium,
341 439 392 499 sed
411 441 609 516 magnitudine
628 443 715 519 paulo
735 443 910 501 antecedunt
928 438 1103 514 mutilaeque
1122 447 1194 510 sunt„

195 542 330 600 cornibus
362 550 391 599 et
418 557 499 598 crura
528 541 595 598 sine
624 541 709 600 nodis
737 542 918 618 articulisque
949 538 1063 606 habent,
1092 553 1188 611 neque

195 639 299 716 quictis
330 651 418 698 causa
448 639 651 714 procumbunt,
683 659 786 717 neque,
816 641 840 698 si
874 655 934 717 quo
964 635 1086 694 afflictae
1117 651 1187 691 casu

167 736 393 807 sconciderunt,
413 737 522 810 erigere
543 755 607 796 sese
628 747 677 796 aut
698 739 844 798 sublevare
864 742 995 814 possunt.
1039 731 1095 790 His
1120 739 1187 788 sunt

194 838 311 894 arbores
325 852 378 911 pro
393 834 550 894 cubilibus:
573 836 610 893 ad
624 855 674 895 eas
689 855 719 895 se
738 837 884 914 applicant
902 844 987 911 atque
1009 833 1048 890 ita
1066 829 1186 906 paulum

194 933 286 993 modo
315 933 468 991 reclinatae
500 934 626 1009 quietern
657 937 782 1012 capiunt.
825 935 957 1007 Quarum
988 949 1024 988 ex
1059 927 1186 1002 vestigiis

194 1051 261 1091 cum
292 1043 336 1090 est
371 1031 602 1091 animadversum
630 1052 648 1092 a
678 1034 869 1103 venatoribus,
902 1049 961 1110 quo
993 1049 1024 1089 se
1058 1027 1185 1102 recipere

194 1131 367 1202 consuerint,
391 1147 495 1191 omnes
519 1150 556 1198 eo
580 1131 645 1192 loeo
670 1142 720 1191 aut
743 1133 780 1190 ab
804 1131 947 1190 radicibus
971 1129 1111 1187 subruunt
1136 1133 1186 1182 aut

150 1251 180 1288 10
193 1230 327 1289 accidunt
346 1229 475 1296 arbores,¹
488 1239 601 1288 tantum
618 1239 649 1288 ut
668 1249 780 1289 summa
799 1230 911 1306 species
930 1245 1028 1286 earum
1047 1224 1183 1284 stantium

192 1329 375 1402 relinquatur.
418 1325 487 1385 Huc
512 1345 578 1386 curn
607 1347 638 1387 se
662 1328 871 1387 consuetudine
898 1327 1114 1398 reclinaverunt,
1139 1322 1183 1378 in·

192 1429 290 1484 firmam
304 1427 421 1484 arbores
435 1425 564 1501 pondere
585 1426 714 1502 affligunt
732 1436 818 1504 atque
839 1444 898 1485 una
917 1425 997 1500 ipsae
1017 1421 1182 1482 concidunt.

193 1531 245 1584 28.
268 1525 401 1596 Tertium
428 1534 472 1583 est
499 1543 593 1600 genus
621 1545 732 1596 eorum,
760 1526 809 1601 qui
839 1525 883 1583 uri
911 1522 1097 1599 appellantur.
1140 1518 1183 1576 Hi

192 1632 260 1681 sunt
283 1622 481 1698 magnitudine
504 1623 591 1698 paulo
616 1623 691 1682 imre
713 1624 889 1699 elephantos
912 1622 1008 1697 specie
1033 1629 1061 1678 et
1085 1619 1183 1677 colore

148 1731 220 1792 15et
241 1722 333 1798 figura
356 1722 436 1780 tauri.
479 1721 590 1797 Magna
614 1722 655 1779 vis
676 1739 776 1780 eorum
798 1731 841 1780 est
862 1730 890 1778 et
910 1737 1018 1794 magna
1038 1717 1183 1786 velocitas,

89 1871 91 1876 .
191 1837 287 1896 neque
315 1819 426 1877 bomini
455 1838 550 1894 neque
578 1819 669 1892 ferae,
689 1838 776 1896 quam
805 1819 1025 1898 conspexerunt,
1050 1825 1182 1892 parcunt.

134 1993 136 1997 Ι
192 1916 258 1976 Hos
274 1918 401 1976 studiose
416 1916 507 1976 foveis
522 1928 622 1994 captos
636 1918 826 1989 interficiunt3
848 1917 905 1976 hoc
920 1935 950 1974 se
965 1917 1062 1974 labore
1077 1915 1185 1972 durant

190 2016 389 2075 adulescentes
414 2026 499 2093 atque
522 2018 579 2076 hoc
600 2036 705 2092 genere
729 2017 889 2076 venationis
913 2026 1056 2085 exercent,
1078 2023 1107 2073 et
1131 2014 1197 2090 qui*¹
1271 2023 1273 2033 “

189 2115 328 2190 plurimos
350 2135 386 2173 ex
406 2114 450 2173 his
471 2115 679 2187 interfecerunt,
701 2116 795 2178 relatis
816 2117 845 2174 in
866 2114 1014 2191 publicum
1034 2113 1197 2183 comibus„

145 2246 176 2282 20
189 2231 263 2288 quae
289 2215 345 2272 sint
369 2214 542 2289 testimonie,
567 2232 705 2290 magnam
727 2214 822 2272 serunt
846 2214 969 2272 laudem.
1012 2212 1072 2271 Sed
1099 2229 1181 2270 assu·

188 2327 286 2368 escere
307 2312 344 2369 ad
363 2311 498 2370 homines·
515 2323 543 2370 et
562 2313 746 2372 mansuefieri
760 2333 797 2371 ne
811 2312 918 2388 parvuli
933 2311 1051 2386 quidem
1065 2311 1180 2386 excepti

188 2419 320 2484 possunt.
362 2410 533 2485 Amplitudo
554 2428 693 2469 cornuum
715 2423 743 2470 et
764 2412 855 2486 figura
876 2419 903 2467 et
925 2409 1036 2485 species
1057 2409 1181 2466 multum

188 2523 206 2562 a
230 2515 395 2564 nostrorum
423 2507 513 2563 boum
538 2509 673 2567 cornibus
698 2508 799 2567 differt.
842 2508 927 2567 Haec
956 2507 1083 2566 studiose
1109 2525 1181 2564 con·

188 2605 293 2680 quisita
309 2606 345 2662 ab
363 2604 449 2662 labris
466 2616 586 2680 argento
602 2608 831 2666 circumcludunt
847 2616 933 2683 atque
950 2608 980 2664 in
994 2606 1180 2682 amplissimis

144 2733 173 2784 ²5
188 2704 279 2780 epulis
295 2721 348 2780 pro
362 2703 475 2778 poculis
489 2714 613 2765 utuntur.
642 2686 818 2776 fabulare
839 2702 1018 2806 Mle]
1026 2699 1098 2795 7ss

228 2809 281 2861 29.
304 2802 420 2872 Caesar,
445 2812 601 2878 postquam
626 2823 677 2880 per
701 2804 794 2862 Ubios
819 2804 1013 2880 exploratores
1038 2805 1179 2879 comperit

187 2899 301 2958 Suebos
326 2918 390 2958 sese
415 2901 444 2957 in
470 2901 554 2960 silvas
578 2903 728 2978 recepisse,
753 2903 882 2978 inopiam
906 2902 1040 2962 frumenti
1064 2903 1197 2972 veritus,

186 3000 275 3078 quod,
300 3009 332 3058 ut
360 3015 446 3073 supra
474 3000 741 3071 demonstravimus,
766 3001 884 3058 minime
910 3019 1013 3060 omnes
1038 3001 1187 3060 Germani,

185 3098 372 3173 agriculturae
398 3097 522 3168 student,
549 3100 695 3158 constituit
720 3117 781 3164 non
805 3100 940 3175 progredi
963 3100 1096 3175 longius;
1126 3101 1179 3158 sed

140 3227 172 3274 30
185 3215 221 3254 ne
247 3197 367 3254 omnino
396 3205 507 3254 metum
533 3197 642 3255 reditus
671 3198 714 3256 sui
743 3199 872 3272 barbaris
895 3198 1004 3256 tolleret
1031 3207 1118 3273 atque
1146 3208 1190 3270 ut

185 3311 285 3352 eorum
314 3295 419 3352 auxilia
446 3295 577 3366 tardaret,
607 3296 725 3354 reducto
753 3297 879 3354 exercitu
906 3304 1017 3372 partem
1045 3297 1196 3356 ultimam

183 3393 290 3464 pontis,
316 3411 390 3469 quae
415 3392 491 3468 ripas
515 3391 656 3452 Ubiorum
682 3396 881 3470 contingebat,
906 3397 936 3453 in
964 3395 1197 3471 longitudinem

183 3489 290 3566 pedum
308 3491 499 3550 ducentorum
516 3493 660 3565 rescindit,
676 3503 762 3572 atque
780 3495 811 3553 in
825 3504 954 3554 extremo
969 3505 1059 3572 ponte
1074 3497 1175 3555 turrim
