2650 3918
125 189 260 276 23—26.
337 203 383 254 ur
404 204 514 252 narro
533 171 687 252 'oxrrroo
710 199 820 252 curru.
848 204 908 252 rr.¹
1058 199 1118 272 125

123 354 261 432 mirante
288 363 423 432 tempus,
446 374 512 413 cum
534 354 698 414 Germanos
721 353 797 413 Galli
817 354 919 411 virtute
939 361 1117 428 superarent,
1209 348 1219 372 ”
1293 355 1296 364 ’

122 413 249 512 'ulffle
269 427 448 526 alnferrenu
464 463 583 530 propter
601 453 754 510 hominum
770 451 984 510 multitudinem
999 451 1119 526 agrique
1192 495 1193 500 κ

124 551 252 628 inopiam
285 560 365 610 trans
397 552 534 610 Rhenum
568 551 697 609 colonias
730 551 881 608 mitterent.
908 517 1039 626 [ltaque
1075 569 1118 621 ea,
1144 490 1261 711 w
1295 513 1313 584 l

125 669 199 726 quae
221 650 394 708 fertilissima
418 649 593 708 Germaniae
618 657 693 719 sunt,
718 649 783 707 loca
807 649 915 706 circum
940 646 1119 724 Hercyniam
1178 665 1179 668 ’
1265 596 1313 712 ill

125 749 233 820 silvam,
235 767 337 832 pyram
355 747 539 806 Eratostheni
553 757 582 805 et
595 747 769 824 quibusdam
789 746 908 804 Graecis
926 745 1009 804 saruav
1018 756 1119 804 notam
1134 757 1148 807 5
1154 559 1294 890 A

107 829 306 934 &qu
331 865 419 922 quam
444 846 482 903 illi
509 845 667 922 Orcyniam
696 844 850 921 appellant,
876 844 987 903 Volcae
1012 845 1120 904 Tecto·
1143 775 1271 985 ss

127 963 211 1022 sages
236 953 450 1020 occupaverunt
471 954 558 1021 atque
578 944 619 1002 ibi
642 943 854 1015 consederunt3
886 961 961 1018 quae
985 961 1058 1018 gens
1083 945 1121 1002 ad

126 1043 182 1102 hoc
208 1052 323 1119 tempus
344 1042 390 1102 his
415 1043 530 1102 sedibus
559 1061 621 1101 sese
647 1042 776 1100 continet
804 1059 1005 1118 summamque
1034 1043 1122 1100 habet

126 1142 249 1201 iustitiae
280 1152 309 1202 et
342 1142 462 1202 bellicae
496 1143 589 1200 laudis
623 1143 800 1218 opinionem.
844 1141 940 1214 Nunc,
976 1144 1056 1219 quod
1090 1144 1121 1202 in

127 1241 230 1300 eadem
257 1242 367 1317 inopia,
394 1250 522 1316 egestate
543 1241 744 1316 'patientiaque
764 1239 914 1322 §emani
940 1251 1120 1318 permanent,
1137 1265 1166 1301 10

128 1341 234 1400 eodem
254 1340 330 1398 victu
352 1348 380 1398 et
400 1340 478 1398 cultu
498 1340 628 1415 corporis
656 1325 797 1446 utuntur&
811 1337 902 1398 Gallis
930 1349 1027 1398 autem
1055 1359 1122 1416 pro·

127 1440 286 1498 vinciarum
317 1438 517 1515 propinquitas
547 1447 576 1496 et
609 1438 871 1520 transmarinarum,
893 1456 989 1496 rerum
1021 1441 1123 1498 notitia

128 1539 218 1596 multa
239 1539 277 1596 ad
301 1538 416 1614 copiam
441 1547 527 1612 atque
552 1554 623 1594 usus
647 1535 773 1611 largitur,
802 1535 943 1610 paulatim
971 1537 1124 1596 assuefacti
1166 1591 1168 1596 .

129 1637 258 1713 superari
276 1636 431 1712 multisque
450 1634 516 1693 victi
530 1633 647 1711 proeliis
665 1652 701 1691 ne
721 1651 752 1693 se
774 1635 892 1711 quidem
912 1637 968 1713 ipsi
988 1636 1124 1695 cumillis

128 1737 231 1794 virtute
251 1743 488 1810 comparantqt...
514 1740 586 1794 t
614 1749 620 1776 -·⁴
645 1769 656 1788 ο
697 1731 769 1781 s
1141 1755 1170 1805 15
1270 1725 1273 1732 Ἴ

173 1836 225 1888 25.
257 1828 357 1887 Huius
385 1827 549 1904 Hercyniae
578 1827 672 1898 silvae,
701 1844 776 1902 quae
805 1846 892 1905 supra
926 1821 1126 1888 demonstrata
1229 1842 1249 1858 ““

130 1939 181 2000 est,
204 1927 325 1986 latitudo
348 1945 455 1985 novem
477 1927 588 1985 dierum
608 1927 662 1983 iter
686 1925 822 2003 expedito
844 1936 939 2002 patet:
964 1929 1126 1986 nonenim

131 2029 212 2088 aliter
243 2027 317 2085 liniri
351 2036 455 2102 potest,
488 2043 583 2102 neque
618 2042 769 2084 mensuras
804 2026 939 2084 itinerum
973 2038 1124 2087 noverunt.

131 2129 230 2190 Oritur
250 2128 289 2186 ab
310 2125 510 2185 Helvetiorum
532 2134 560 2183 et
577 2123 734 2183 Nemetum
756 2133 784 2182 et
798 2125 996 2184 Rauracorum
1019 2128 1125 2188 finibus

131 2237 267 2302 rectaque
281 2225 407 2283 fluminis
424 2224 549 2282 Danuvii
566 2223 685 2298 regione
700 2223 822 2298 pertinet
839 2225 876 2282 ad
891 2223 963 2283 fines
976 2225 1125 2284 Dacorum
1141 2246 1173 2281 πο

132 2336 160 2384 et
179 2323 351 2395 Anartium;
373 2323 440 2380 hinc
461 2341 492 2380 se
510 2321 598 2379 flectit
618 2321 796 2380 sinistrorsus
816 2323 935 2382 diversis
952 2325 989 2382 ab
1006 2325 1126 2384 flumine

131 2423 299 2500 regionibus
311 2420 523 2496 multarumque
538 2421 666 2496 gentium
678 2420 750 2478 fines
764 2433 882 2497 propter
896 2423 1127 2498 magnitudinem

132 2522 246 2596 attingit
253 2540 261 2592 ;
287 2537 382 2595 neque
404 2518 557 2594 quisquam
579 2527 622 2576 est
642 2517 727 2577 huius
750 2519 933 2593 Germaniae,
955 2522 1004 2598 qui
1025 2540 1057 2580 se
1078 2533 1128 2581 aut

132 2622 228 2680 adisse
256 2618 294 2677 ad
321 2618 433 2675 initium
462 2617 523 2675 eius
550 2617 636 2674 silvae
665 2617 749 2688 dicat,
775 2636 842 2676 cum
870 2619 981 2678 dierum
1009 2621 1061 2679 iter
1088 2639 1129 2679 nx

131 2718 312 2796 processerit,
338 2724 395 2786 aut,
417 2732 476 2790 quo
501 2732 537 2772 ex
562 2715 628 2773 loeo
654 2715 769 2786 oriatur,
792 2718 951 2794 acceperit;
980 2719 1127 2794 multaque
1144 2743 1172 2791 25

132 2822 163 2877 in
185 2835 221 2876 ea
241 2833 348 2892 genera
369 2813 493 2872 ferarum
515 2814 594 2872 nasci
617 2823 738 2884 constat,
761 2833 836 2891 quae
861 2817 978 2892 reliquis
1002 2817 1032 2874 in
1056 2817 1128 2878 locis

133 2921 195 2978 visa
213 2934 275 2974 non
297 2916 354 2974 sint
361 2934 368 2986 ;
395 2933 431 2972 ex
452 2915 557 2989 quibus
578 2932 652 2989 quae
673 2914 798 2972 maxime
820 2913 953 2974 differant
972 2919 1010 2974 ab
1028 2921 1129 2977 ceteris

134 3028 163 3078 et
183 3015 341 3074 memoriae
362 3012 512 3090 prodenda
533 3012 690 3082 videantur,
711 3012 784 3071 haec
806 3023 880 3074 sunt.
923 3021 974 3074 26.
996 3016 1049 3074 Est
1073 3019 1130 3076 bos

134 3117 210 3176 cervi
231 3115 332 3190 figura,
353 3114 434 3172 cuius
457 3131 476 3170 a
496 3111 592 3169 media
612 3110 707 3170 fronte
728 3111 801 3169 inter
823 3131 906 3172 aures
927 3132 1018 3173 unum
1039 3133 1131 3172 comu

134 3215 245 3274 exsistit
270 3211 409 3271 excelsius
434 3211 585 3286 magisque
610 3211 748 3268 directum
773 3210 827 3282 his,
853 3229 927 3288 quae
952 3211 1036 3270 nobis
1060 3222 1130 3270 nota
1143 3233 1177 3281 30

136 3323 212 3384 sunt,
234 3311 385 3370 cornibus:
415 3309 452 3367 ab
473 3309 534 3366 eius
556 3327 670 3366 summo
693 3309 766 3368 sicut
787 3310 900 3386 palmae
921 3311 1048 3385 ramique
1073 3309 1130 3368 late

136 3407 343 3469 diffunduntur.
384 3405 498 3464 Eadem
520 3415 563 3464 est
583 3405 707 3464 feminae
728 3408 873 3482 marisque
897 3415 1007 3475 natura,
1029 3406 1132 3464 eadem

135 3508 231 3567 sonna
244 3506 474 3584 magnitudoque
489 3521 640 3564 cornuum.
683 3504 757 3564 Sunt
771 3505 848 3576 item,
864 3522 938 3582 quae
953 3503 1134 3581 appellantur

1278 1961 1292 2010 sl

1271 2077 1313 2118 l⁴

1275 2121 1313 2143 l'
