2650 3918
112 207 247 292 26-29·
337 219 383 267 ιιι
404 219 516 268 asaro
540 217 690 270 exorreo
712 219 824 272 oculu.
851 221 881 272 ν.
1063 209 1104 296 97

110 381 218 447 posset.
261 366 331 429 Non
345 371 428 430 facile
443 371 544 430 Gallos
559 367 651 431 Gallis
664 379 774 448 negare
786 372 924 449 potuisse,
938 374 1107 449 praesertim

111 488 176 528 cum
206 470 242 528 de
270 471 469 546 recuperanda
497 471 645 528 communi
667 471 796 529 libertate
824 471 977 530 consilium
1004 472 1107 530 initum

110 568 258 626 videretur.
303 567 418 638 Quibus
439 570 578 644 quoniam
600 587 654 645 pro
675 569 782 645 pietate
803 569 979 640 satisfecerit,
1000 569 1139 629 habere

10 693 11 710 ι
110 685 188 725 nunc
212 684 243 724 se
265 665 407 724 rationem
435 667 521 730 officii
537 684 598 746 pro
622 666 772 726 beneficiis
800 665 948 726 Caesaris:
965 685 1106 739 monere,
1149 699 1155 754 ,ι

111 783 192 824 orare
211 764 356 822 Titurium
374 779 429 841 pro
448 726 631 840 llospit'tt,10
600 774 631 822 ut
651 783 720 823 suae
741 783 775 823 ac
794 765 917 842 militum
937 765 1019 824 saluti
1037 713 1121 825 ddu-
1120 775 1135 831 6

112 861 194 921 sulat.
238 862 380 939 Magnam
400 877 520 921 manum
539 862 754 922 Germanorum
775 835 949 922 conductam
970 863 1108 922 Rhenum

111 961 264 1034 transisse;
287 962 363 1020 hanc
384 961 474 1020 affore
494 961 593 1021 biduo.
635 961 771 1037 Ipsorum
792 980 857 1024 esse
875 951 1036 1033 consilium,
1050 962 1108 1021 vel·

112 1060 191 1162 ιιιιιιε
226 1060 314 1143 prius,
343 1078 431 1158 quam
463 1059 576 1153 iinjtimi
606 1061 738 1131 sentiant,
767 1061 887 1119 eductos
918 1079 954 1121 ex
981 1061 1108 1143 hibernis

111 1125 214 1217 milites
229 1167 278 1215 aut
292 1158 330 1216 ad
341 1135 514 1219 Ciceronem
529 1167 578 1216 aut
566 1159 630 1216 tad
643 1157 805 1216 Labienum
820 1129 971 1230 deducere,
984 1176 1107 1236 quorum

112 1256 181 1314 alter
195 1256 274 1313 milia
287 1274 426 1332 passuum
440 1257 552 1315 circiter
566 1257 784 1334 quinquaginta,
799 1258 869 1316 alter
883 1258 971 1335 paulo
985 1259 1108 1334 amplius
1123 1283 1154 1318 ιο

112 1355 178 1412 ab
170 1354 206 1412 ris
231 1354 313 1412 absit
355 1353 431 1413 Illud
455 1372 486 1413 se
510 1355 639 1431 polliceri
663 1365 691 1414 et
716 1356 902 1415 iureiurando
927 1357 1107 1425 confirmare,

112 1461 206 1512 tutum
225 1452 278 1511 iter
296 1472 348 1530 per
366 1452 440 1511 fines
461 1452 602 1512 daturum.
644 1453 736 1550 Quod
757 1473 823 1514 cum
844 1455 939 1527 faciat,
955 1464 983 1513 et
1004 1455 1109 1514 civitati

113 1569 176 1610 sese
201 1551 361 1622 consulere,
384 1550 465 1628 quod
488 1551 614 1611 hibernis
630 1519 753 1624 levetur,
775 1562 805 1612 et
827 1552 945 1612 Caesari
967 1572 1021 1630 pro
1046 1555 1109 1614 eius

112 1650 220 1708 meritis
241 1650 362 1725 gratiam
383 1649 496 1709 referre.
539 1649 606 1709 Hac
627 1651 758 1710 oratione
779 1651 875 1709 habita
895 1651 1016 1710 discedit
1036 1649 1127 1710 Αιιι·

112 1749 213 1807 biorix.
257 1754 310 1808 28.
331 1748 486 1825 Arpineius
508 1759 536 1807 et
556 1750 664 1817 lunius,
679 1767 753 1826 quae
773 1749 932 1821 audierunt,
947 1750 984 1808 ad
999 1749 1109 1826 legatos
1124 1771 1153 1824 15

113 1846 254 1906 deferunt.
296 1845 341 1905 Illi
359 1848 510 1925 repentina
528 1865 559 1905 re
577 1848 742 1924 perturbati,
757 1848 811 1907 etsi
829 1848 866 1905 ab
880 1847 963 1906 hoste
982 1866 1018 1906 ea
1032 1847 1108 1906 dice·
1172 1845 1175 1850 ’

111 1947 228 2016 bantur,
256 1953 354 2004 tamen
382 1964 444 2004 non
471 1946 654 2022 neglegenda
688 1945 897 2016 existimabant,
925 1947 1109 2020 maximeque

112 2044 212 2102 haere
228 2046 478 2142 permovebantur,
494 2045 573 2122 quod
591 2045 734 2104 civitatem
753 2043 911 2120 ignobilem
924 2052 1011 2119 atque
1024 2044 1108 2102 hum-

112 2143 180 2202 ilem
199 2142 371 2201 Eburonum
394 2161 447 2202 sua
467 2151 572 2218 sponte
597 2141 707 2219 populo
728 2140 866 2199 Romano
886 2141 993 2199 bellurn
1013 2141 1109 2200 facere
1153 2162 1155 2174 ’

13 2255 17 2268 ·
112 2259 214 2300 ausam
236 2242 283 2299 vix
304 2251 364 2300 erat
352 2241 571 2301 t.credendum
607 2239 715 2346 Itaque
736 2240 774 2298 ad
797 2240 950 2298 consilium
973 2259 1035 2300 rem
1058 2243 1108 2300 de·
1123 2261 1155 2302 ιο

113 2339 218 2411 lerunt,
245 2358 411 2416 magnaque
438 2340 511 2399 inter
538 2356 590 2398 eos
607 2313 727 2398 exsistit
755 2341 958 2398 controversia.
1000 2339 1109 2399 Lucius

112 2437 327 2497 Aurunculeius
360 2437 581 2514 compluresque
607 2437 714 2496 tribuni
743 2437 867 2495 militum
894 2448 924 2496 et
949 2439 1109 2514 primorum

112 2537 250 2597 ordinum
263 2538 445 2596 centuriones
459 2537 530 2595 nihil
544 2538 652 2595 temere
666 2537 812 2613 agendum
826 2555 942 2645 neque
935 2556 971 2595 ex
981 2538 1110 2636 hibernis

111 2637 225 2695 iniussu
245 2633 378 2694 Caesaris
400 2635 607 2695 discedendum
627 2635 845 2694 existimabant:
874 2620 1038 2711 quantasvis
1059 2655 1108 2697 co·

114 2735 178 2814 pias
208 2735 296 2792 etiam
324 2733 537 2793 Germanorum
565 2734 697 2794 sustineri
724 2752 812 2810 posse
838 2735 955 2793 munitis
982 2734 1108 2794 hibernis
1123 2751 1152 2804 25

112 2833 275 2894 docebant:
298 2851 359 2891 rem
379 2851 444 2892 esse
464 2833 638 2904 testimonio,
661 2833 741 2908 quod
761 2833 886 2909 primum
907 2833 1035 2892 hostium
1055 2834 1110 2892 im-

113 2943 216 3009 petum
234 2931 331 2990 multis
350 2932 424 2990 ultro
444 2932 608 2990 vulneribus
628 2931 712 2991 illatis
732 2931 885 2990 fortissime
906 2932 1109 2993 sustinuerint:

113 3048 146 3088 re
166 3029 352 3088 frumentaria
372 3049 432 3089 non
453 3033 561 3108 premi;
583 3032 692 3090 interea
712 3039 741 3088 et
761 3049 798 3088 ex
819 3030 959 3107 proximis
983 3030 1109 3120 hibernis

114 3139 145 3188 et
158 3149 176 3188 a
192 3127 317 3188 Caesare
334 3140 510 3192 conventura
526 3130 670 3189 subsidia:
691 3138 839 3205 postremo
854 3129 924 3205 quid
942 3148 1005 3189 esse
1019 3095 1109 3186 levius

114 3237 165 3286 aut
187 3228 308 3304 turpius,
330 3246 418 3304 quam
442 3239 559 3288 auctore
584 3229 669 3288 hoste
694 3228 730 3286 de
752 3228 875 3340 sqrnmis
896 3229 981 3286 rebus
1006 3245 1108 3302 capere
1123 3241 1155 3293 ιο

115 3327 289 3384 consilium?
331 3333 386 3386 29.
408 3326 518 3386 Contra
531 3345 566 3384 ea
580 3319 727 3385 Titurius
719 3306 784 3384 selo
775 3294 924 3384 ‘lfactums
937 3324 1108 3398 clamitabat,

114 3443 185 3483 cum
209 3425 335 3484 maiores
359 3443 464 3483 manus
488 3424 615 3484 hostium
640 3423 781 3484 adiunctis
806 3422 958 3482 Germanis
982 3439 1109 3482 conven-

114 3525 217 3596 issent,
231 3532 281 3582 aut
299 3542 368 3583 cum
387 3524 496 3600 aliquid
514 3522 682 3582 calamitatis
695 3523 725 3580 in
739 3521 879 3599 proximis
893 3519 1019 3580 hibernis
1032 3533 1110 3582 esset

113 3632 278 3700 acceptum.
321 3621 442 3680 Brevem
457 3619 626 3682 consulendi
639 3639 704 3681 esse
718 3618 912 3678 occasionem.
954 3617 1109 3684 Caesarem

604 3737 628 3779 ιι
