2650 3918
116 149 118 154 ’
192 163 253 266 13d
510 175 539 226 c
563 175 655 223 rurrr
677 173 852 222 causarrrs
1125 171 1181 218 vn.

189 326 281 398 facile,
301 327 381 404 quod
402 345 496 404 neque
517 327 647 402 legiones
669 326 793 384 audeant
812 325 931 383 absente
952 322 1125 401 imperatore
1147 341 1185 381 ex

190 425 317 483 hibernis
337 425 444 502 egredi,
459 443 554 502 neque
573 425 730 500 imperator
750 423 812 481 sine
832 421 976 498 praesidio
997 421 1034 478 ad
1053 421 1185 497 legiones

189 524 338 602 pervenire
353 525 453 600 possit.
495 524 647 582 Postremo
665 523 695 580 in
713 522 774 580 acie
788 530 933 602 praestare
951 519 1079 589 interfici,
1095 537 1184 596 quam
1244 545 1245 548 ¹

190 641 251 682 non
270 632 395 682 veterem
413 623 479 681 belli
499 622 621 698 gloriam
639 621 865 695 libertatemque,
878 633 973 694 quam
992 635 1009 674 a
1027 617 1185 676 maioribus

163 723 360 799 5acceperint,
385 739 562 798 recuperare.
613 726 641 778 2.
664 719 721 778 His
753 719 838 777 rebus
870 717 983 792 agitatis
1014 716 1185 792 profitentur

191 819 332 882 Carnutes
368 838 399 879 se
433 820 543 878 nullum
574 818 733 895 periculum
767 816 930 874 communis
965 815 1062 873 salutis
1097 831 1187 872 causa

191 934 324 976 recusare
351 916 554 992 principesque
579 933 615 972 ex
640 914 777 972 omnibus
800 911 908 969 bellum
932 909 1058 969 facturos
1086 907 1186 984 pollic-

191 1023 274 1073 entur
295 1024 332 1086 et,
355 1015 493 1091 quoniam
515 1013 544 1070 in
565 1013 728 1090 praesentia
753 1009 903 1069 obsidibus
930 1026 1030 1066 cavere
1053 1007 1128 1065 inter
1153 1024 1186 1064 se

191 1113 387 1189 nonpossint,
402 1130 439 1169 ne
454 1129 498 1170 res
513 1111 656 1183 efferatur,
671 1121 702 1168 ut
716 1107 898 1168 iureiurando
913 1125 946 1164 ac
960 1107 1018 1165 fide
1032 1106 1186 1175 sanciatur,

148 1233 180 1268 ro
191 1222 301 1288 petunt,
323 1211 433 1270 collatis
453 1209 620 1269 militaribus
644 1209 744 1285 signiS,
765 1223 824 1284 quo
849 1222 931 1272 more
952 1222 1052 1263 eorum
1077 1203 1186 1280 gravis·

192 1310 266 1369 sima
283 1309 459 1367 caerimonia
478 1309 648 1378 continetur,
668 1325 706 1365 ne
725 1306 802 1364 facto
823 1303 905 1361 initio
926 1302 994 1360 belli
1013 1305 1050 1361 ab
1069 1302 1185 1378 reliquis

191 1408 367 1466 deserantur.
410 1406 489 1464 Trun
510 1405 678 1465 collaudatis
701 1404 884 1476 Carnutibus
907 1405 976 1462 dato
1002 1400 1185 1460 iureiurando

192 1506 229 1564 ab
254 1505 397 1575 omnibus
422 1505 473 1581 qui
500 1505 627 1574 aderant,
652 1515 783 1582 tempore
811 1504 873 1562 eius
900 1504 942 1562 rei
966 1502 1123 1584 constituto
1148 1499 1186 1556 ab

192 1603 316 1662 concilio
335 1603 496 1662 disceditur.
540 1610 568 1663 3.
591 1601 650 1660 Ubi
672 1620 706 1661 ea
728 1602 790 1661 dies
810 1603 895 1672 venit,
916 1601 1058 1662 Carnutes
1077 1598 1186 1658 Gutru-

149 1721 178 1770 15
192 1712 241 1762 ato
269 1711 298 1760 et
326 1700 631 1761 Conconnetodumno
664 1701 794 1771 ducibus,
823 1700 981 1777 desperatis
1009 1698 1186 1766 hominibus,

193 1802 345 1861 Cenabum
374 1801 459 1876 signo
487 1801 556 1860 dato
584 1811 759 1861 concurrunt
787 1800 920 1876 civesque
948 1799 1111 1868 Romanos,
1137 1798 1187 1872 qui

193 1900 361 1976 negotiandi
389 1918 477 1959 causa
507 1901 547 1958 ibi
577 1900 775 1970 constiterant,
803 1900 833 1956 in
863 1899 908 1957 his
937 1896 1044 1956 Gaium
1071 1895 1187 1955 Fufium

193 1998 297 2070 Citam,
322 1999 476 2057 honestum
499 1999 626 2075 equitem
651 1997 819 2057 Romanum
846 1998 896 2074 qui
920 1998 960 2055 rei
985 1995 1188 2062 frumentariae

193 2098 272 2156 iussu
288 2096 420 2155 Caesaris
432 2107 573 2173 praeerat,
588 2097 762 2156 interficiunt
775 2097 912 2172 bonaque
927 2112 1027 2154 eorum
1042 2095 1187 2172 diripiunt.

148 2212 180 2248 το
193 2193 330 2256 Celeriter
354 2194 391 2253 ad
412 2213 515 2254 omnes
537 2194 651 2254 Galliae
669 2195 796 2254 civitates
818 2194 895 2252 fama
918 2193 1066 2270 perfertur.
1109 2192 1187 2251 Nam

192 2293 368 2368 ubicumque
393 2294 485 2351 maior
509 2303 595 2368 atque
623 2293 757 2352 illustrior
781 2292 879 2358 incidit
903 2310 957 2362 res,
982 2292 1109 2350 clamore
1137 2309 1188 2368 per

194 2409 281 2466 agros
301 2392 493 2466 regionesque
513 2392 674 2466 significant
684 2411 692 2464 ;
717 2390 795 2450 hunc
814 2390 860 2450 alii
881 2391 1019 2467 deinceps
1040 2391 1187 2468 excipiunt

192 2498 222 2547 et
248 2489 391 2564 proximis.
411 2487 535 2561 tradunt,
562 2500 594 2547 ut
620 2499 683 2550 tum
710 2489 822 2549 accidit.
866 2488 945 2547 Nam
972 2507 1047 2566 quae
1076 2490 1189 2549 Cenabi

194 2586 304 2645 oriente
329 2586 389 2644 sole
410 2597 493 2662 gesta
513 2597 617 2658 essent,
638 2597 705 2646 ante
729 2589 852 2665 primam
874 2587 1037 2646 confectam
1060 2589 1188 2665 vigiliam

151 2699 180 2750 25
195 2684 225 2742 in
240 2684 345 2742 finibus
363 2684 559 2744 Arvernorum
576 2686 674 2744 audita
683 2693 765 2758 sunt,
780 2686 861 2762 quod
878 2687 1002 2761 spatium
1019 2696 1063 2746 est
1077 2687 1187 2746 milium

194 2800 336 2860 passuum
350 2782 461 2841 circiter
474 2799 539 2842 oux.
611 2853 616 2858 ¹

235 2885 266 2938 4.
289 2879 380 2939 Simili
393 2881 504 2940 ratione
519 2883 560 2940 ibi
575 2882 804 2962 Vercingetorix,
816 2882 919 2942 Celtilli
934 2883 1017 2954 filius,
1032 2883 1187 2952 Arvernus,

196 2995 327 3038 summae
346 2980 492 3054 potentiae
511 2981 688 3052 adulescens,
708 2982 789 3041 cuius
806 2991 887 3058 pater
906 2982 1099 3058 principatum
1119 2979 1189 3039 Gal-

196 3077 250 3138 liae
265 3077 351 3136 totius
366 3078 528 3138 obtinuerat
542 3089 570 3139 et
584 3081 624 3138 ob
637 3098 703 3138 eam
718 3098 843 3151 causam,
858 3081 937 3156 quod
951 3098 1074 3156 regnum
1088 3091 1189 3156 appet-

152 3189 184 3236 30
197 3177 272 3245 ebat,
295 3176 332 3234 ab
354 3175 466 3236 civitate
487 3189 548 3236 erat
568 3178 742 3250 interfectus,
765 3179 930 3238 convocatis
956 3179 1014 3238 suis
1039 3179 1190 3239 clientibus

197 3271 279 3332 laciie
307 3273 442 3334 incendit.
484 3273 613 3352 Cognito
640 3278 702 3336 eius
727 3277 847 3336 consilio
875 3277 912 3336 ad
940 3295 1021 3335 arma
1045 3279 1191 3336 concurri·

197 3378 251 3428 tur.
293 3370 463 3432 Prohibetur
490 3375 527 3432 ab
556 3373 781 3446 Gobannitione,
803 3384 906 3450 patruo
934 3393 996 3446 suo,
1017 3375 1191 3454 reliquisque

199 3466 382 3546 principibus,
403 3472 454 3551 qui
477 3471 554 3534 banc
568 3473 773 3554 ,temptandam
793 3473 939 3534 fortunam
963 3491 1027 3538 non
1045 3476 1190 3537 existima·
