2650 3918
140 187 278 257 34—37,
367 187 414 235 DE
435 187 547 236 BELLO
565 187 722 238 sALcho
745 187 854 238 ΟΟΜΜ.
882 189 941 238 VII.
1082 188 1142 260 153

257 275 259 288 l

139 335 302 412 cingetorix
323 355 354 395 re
374 337 499 412 cognita,
519 355 556 396 ne
578 347 680 396 contra
701 355 785 396 suam
806 337 983 396 voluntatem
1005 335 1154 395 dimicare.

138 446 299 510 cogeretur,
322 438 438 512 magnis
459 437 608 495 itineribus
629 439 790 496 antecessit.
832 444 884 497 36.
908 437 1017 497 Caesar
1042 457 1078 496 ex
1103 455 1140 496 eo

138 533 206 592 loco
227 535 334 610 quintis
357 534 458 594 castris
478 535 656 609 Gergoviam
678 537 808 611 pervenit
830 536 1014 613 equestrique
1035 554 1072 594 eo
1094 536 1140 594 die

137 633 249 708 proelio
280 633 336 691 levi
366 632 452 704 faet0,
481 644 637 709 perspecto
668 633 748 692 urbis
780 633 844 703 situ,
873 650 947 708 quae
979 634 1074 708 posita
1105 635 1135 691 in

137 729 279 790 altissimo
300 741 400 789 monte
422 731 518 790 omnis
539 731 633 789 aditus
655 730 784 791 difficiles
805 731 937 801 habebat,
953 731 990 790 de
1007 749 1166 807 expugn-5

137 829 234 886 atione
277 829 447 906 desperavit,
486 830 522 888 de
562 830 731 888 obsessione
771 847 833 887 non
870 830 950 906 prius
991 829 1139 905 agendum

137 929 294 1000 constituit,
315 947 413 1004 quam
444 947 506 986 rem
533 926 750 986 frumentariam
778 927 952 1004 expedisset.
995 929 1035 986 At
1066 927 1139 986 Ver·

137 1027 299 1103 cingetorix
315 1027 416 1085 castris
435 1043 528 1103 prope
542 1025 686 1101 oppidum
705 1026 806 1101 positis
820 1027 1016 1085 mediocribus
1030 1027 1139 1085 circum

136 1141 168 1182 se
193 1125 347 1184 intervallis
369 1125 523 1201 separatim
548 1122 727 1198 singularum
749 1124 907 1183 civitatium
928 1125 1028 1201 copias
1049 1125 1138 1184 collo·

136 1234 259 1295 caverat,
285 1234 371 1300 atque
400 1223 537 1282 ornnibus
566 1222 627 1279 eius
655 1222 716 1296 iugi
745 1222 868 1281 collibus
896 1224 1054 1299 occupatis,
1080 1241 1138 1300 qua
1154 1249 1184 1285 ιο

134 1321 246 1398 despici
272 1332 394 1399 poterat,
420 1319 584 1380 horribilem
606 1321 734 1397 speciem
755 1322 912 1397 praebebat
933 1322 1137 1399 principesque

134 1439 234 1480 earum
258 1422 422 1490 civitatium,
438 1438 513 1496 quos
535 1419 588 1477 sibi
609 1419 648 1477 ad
669 1420 821 1478 consilium
842 1420 1018 1497 capiendum
1039 1421 1137 1498 deleg-

134 1529 203 1589 erat,
235 1519 329 1595 prima
363 1519 427 1577 luce
463 1517 568 1576 cotidie
603 1516 641 1576 ad
676 1535 707 1575 se
739 1519 893 1577 convenire
928 1518 1053 1591 iubebat,
1085 1539 1137 1579 seu

133 1618 204 1694 quid
226 1616 513 1687 communicandum,
537 1634 588 1674 seu
609 1615 679 1692 quid
700 1616 963 1676 administrandum
984 1618 1136 1691 videretur,

133 1735 230 1792 neque
251 1717 341 1775 ullum
363 1716 422 1774 fere
444 1715 522 1773 diem
547 1715 760 1785 intermittebat,
782 1716 852 1791 quin
874 1718 1000 1793 equestri
1024 1718 1136 1794 proelio
1151 1741 1180 1790 15

133 1815 289 1874 interiectis
309 1815 470 1890 sagittariis,
489 1813 560 1888 quid
580 1814 610 1871 in
630 1831 748 1889 quoque
767 1825 843 1872 esset
863 1815 951 1872 animi
971 1834 1005 1874 ac
1025 1817 1135 1880 virtutis

133 1931 263 1984 suorum,
278 1914 460 1990 perspiceret
503 1911 573 1970 Erat
593 1931 609 1970 e
629 1913 748 1987 regione
768 1913 868 1989 oppidi
889 1914 969 1973 collis
989 1917 1043 1974 sub
1065 1917 1135 1993 ipsis

133 2011 278 2070 radicibus
308 2011 418 2070 montis
446 2012 578 2096 egregie⁸
591 2011 722 2068 munitus
757 2022 844 2088 atque
873 2030 909 2070 ex
942 2015 1022 2072 omni
1054 2026 1135 2093 parte

133 2110 337 2183 circumcisus;
360 2129 449 2187 quem
468 2111 492 2168 si
510 2117 641 2167 tenerent
661 2109 761 2181 nostri,
776 2118 804 2168 et
819 2128 911 2186 aquae
926 2129 1034 2186 magna
1052 2124 1135 2190 parte

133 2218 163 2266 et
183 2209 370 2286 pabulatione
391 2211 486 2268 libera·
502 2207 672 2285 prohibituri
693 2208 793 2267 hostes
814 2209 992 2269 videbantur.
1036 2211 1094 2271 Sed
1108 2214 1133 2274 is
1149 2232 1180 2266 20

133 2306 216 2366 locus
237 2307 381 2383 praesidio
402 2309 440 2366 ab
461 2307 505 2366 his
527 2325 589 2365 non
607 2306 693 2364 nimis
712 2306 796 2364 firmo
815 2308 974 2366 tenebatur.
1018 2307 1133 2370 Tamen

133 2405 246 2464 silentio
267 2407 362 2465 noctis
383 2406 492 2465 Caesar
517 2424 553 2463 ex
580 2405 681 2463 castris
703 2423 847 2481 egressus,
868 2406 1038 2482 priusquam
1064 2412 1133 2468 sub·

132 2504 207 2562 sidio
229 2523 265 2562 ex
287 2505 397 2580 oppido
419 2505 509 2564 veniri
528 2512 639 2580 posset,
655 2503 769 2562 deiecto
783 2505 928 2580 praesidio
942 2507 1051 2581 potitus
1065 2508 1131 2567 loco

131 2601 205 2660 duas
225 2603 264 2660 ibi
284 2603 414 2678 legiones
434 2603 587 2662 collocavit
607 2601 775 2678 fossamque
795 2601 941 2678 duplicem
962 2603 1132 2664 duodenum

130 2701 242 2776 pedum
263 2719 280 2758 a
301 2702 458 2760 maioribus
479 2701 579 2759 castris
601 2700 638 2758 ad
659 2701 772 2757 minora
793 2699 935 2776 perduxit,
956 2711 989 2759 ut
1008 2712 1073 2762 tuto
1094 2707 1131 2763 ab
1147 2729 1176 2779 25

130 2799 285 2876 repentino
299 2800 426 2858 hostium
441 2800 559 2858 incursu
574 2799 660 2857 etiam
675 2797 781 2872 singuli
796 2815 961 2859 commeare
976 2812 1106 2876 possent.

171 2903 223 2957 37.
244 2895 324 2954 Dum
351 2898 424 2957 haec
454 2899 491 2956 ad
516 2897 694 2972 Gergoviam
721 2907 869 2972 geruntur,
896 2897 1130 2959 Convictolitavis

129 2996 260 3066 Aeduus,
287 2997 333 3054 cui
360 2997 560 3072 magistratum
588 2996 784 3054 adiudicatum
812 3013 829 3052 a
854 2995 980 3056 Caesare
1009 2998 1129 3057 demon·

130 3094 290 3164 stravimus,
313 3093 478 3152 sollicitatus
500 3097 537 3152 ab
558 3095 696 3152 Arvernis
717 3095 843 3170 pecunia
863 3114 931 3154 cum
955 3097 1128 3173 quibusdam

130 3192 363 3251 adulescentibus
378 3193 550 3269 colloquitur
558 3213 566 3265 ς
588 3210 714 3268 quorum
733 3204 794 3252 erat
804 3195 950 3270 ,princeps
964 3194 1128 3254 Litaviccus
1141 3217 1175 3268 30

129 3300 216 3365 atque
248 3291 311 3349 eius
343 3289 451 3362 fratres,
480 3292 659 3367 amplissima
690 3291 798 3350 familia
829 3294 888 3352 nati
919 3293 1126 3354 adulescentes.

130 3387 206 3446 Cum
230 3386 275 3446 his
296 3388 457 3463 praemium
479 3391 677 3449 communicat
698 3389 894 3466 hortaturque,
917 3400 947 3447 ut
969 3407 1000 3448 se
1021 3389 1126 3452 liberos

129 3494 157 3545 et
177 3486 299 3562 imperio
321 3495 407 3546 natos
430 3487 620 3548 meminerint.
663 3487 763 3548 Unam
784 3507 848 3550 esse
869 3487 1040 3553 Aeduorum
1060 3490 1127 3559 civi!
