2686 3910
146 197 283 268 27-31,
383 197 428 244 os
450 189 735 244 annnolcamroo'
755 196 866 244 corum
895 193 971 242 Vm.
1083 186 1143 264 197

145 347 303 424 hostesque
335 347 405 404 nihil
437 347 561 422 amplius
589 349 739 424 copiarum
767 365 954 406 accessurum
983 343 1143 426 credentes

144 457 182 508 ut.
214 447 305 522 pridie
341 457 547 522 cognoverant,
582 445 698 505 delendi
736 447 880 521 equitatus
916 447 1006 504 nostri
1030 445 1151 502 *nancti*

144 540 333 605 occasionem
354 545 531 603 videbantur.
575 552 626 604 29.
650 545 726 605 Cum
746 545 923 620 aliquamdiu
943 563 1057 603 summa
1074 535 1144 601 con'·

145 647 276 703 tentione
303 644 495 714 dimicaretur,
519 640 691 702 Dumnacus
718 645 831 702 instruit
857 645 959 714 aciem,
985 661 1060 720 quae
1085 642 1144 700 suis

145 755 223 802 esset
241 743 387 818 equitibus
408 742 439 798 in
460 743 552 800 vicem
574 743 735 818 praesidio:
765 733 832 802 cum
856 753 975 820 repente
997 740 1174 803 confertae5

144 843 276 918 legiones
311 840 341 898 in
374 851 565 915 conspectum
597 841 725 900 hostium
756 844 884 902 veniunt.
927 841 1042 912 Quibus
1073 839 1145 896 -visis

144 941 295 1017 perculsae
320 939 510 996 barbarorum
532 949 644 997 turmae
667 957 701 998 ac
726 943 891 1018 perterritae
913 941 991 998 acies
1015 937 1144 996 bostium
1187 919 1192 979 3

143 1041 310 1115 perturbato
342 1037 616 1112 impedimentorum
645 1041 761 1114 agmine
790 1059 899 1117 magno
928 1039 1054 1098 clamore
1087 1032 1144 1098 disss

142 1156 288 1213 cursuque
323 1135 431 1212 passim
460 1133 556 1224 fugae
579 1154 610 1193 se
638 1138 788 1196 mandant.
831 1139 871 1196 At
902 1138 993 1196 nostri
1021 1130 1144 1214 'equites

142 1231 194 1312 qui
222 1235 309 1312 paulo
338 1244 404 1292 ante
434 1251 501 1291 cum
532 1235 732 1294 resistentibus
760 1237 916 1296 fortissime
944 1236 1147 1308 conflixerant,
1160 1267 1191 1304 10

142 1337 250 1396 laetitia
283 1335 419 1392 victoriae
453 1332 518 1390 elati
553 1351 663 1408 magno
701 1337 840 1412 undique
867 1337 995 1395 clamore
1031 1336 1143 1396 sublato

142 1434 314 1495 cedentibus
340 1431 515 1503 circumfusi,
538 1442 680 1508 quantum
709 1453 852 1511 equomm
879 1437 954 1494 vires
982 1436 1020 1494 ad
1047 1453 1147 1512 perse·¹

141 1532 293 1609 quendum
328 1531 503 1604 dextraeque
536 1528 573 1586 ad
605 1531 788 1591 caedendum
823 1533 926 1603 valent,
964 1541 1076 1591 tantum
1107 1549 1144 1590 eo

142 1633 254 1709 proelio
282 1628 465 1688 interficiunt.
509 1626 612 1703 ltaque
634 1630 758 1705 amplius
780 1631 896 1690 milibus
917 1649 958 1690 xn
980 1641 1029 1690 aut
1050 1649 1144 1688 arma-

141 1741 239 1788 torum
252 1739 301 1787 aut
316 1743 426 1796 eorum,
441 1726 491 1802 qui
509 1743 545 1784 eo
563 1727 666 1785 timore
686 1747 767 1787 arma
784 1730 975 1806 proiecerant,
990 1729 1145 1788 interfectis
1161 1743 1189 1794 15

142 1828 240 1886 omnis
254 1826 408 1884 multitudo
424 1825 536 1900 capitur
550 1825 835 1900 impedimentorum.

181 1934 237 1987 30.
260 1925 329 1998 Qua
353 1943 389 1982 ex
414 1923 484 1998 fuga
508 1941 576 1980 cum
602 1934 748 1983 constaret
776 1925 955 2002 Drappetem
986 1925 1156 1996 senonem,-

142 2029 201 2104 qui,
224 2036 255 2083 ut
276 2025 402 2102 primum
425 2021 569 2079 defecerat
594 2021 697 2093 Gallia,
719 2023 847 2083 collectis
871 2023 1000 2099 undique
1025 2024 1144 2100 perditis

142 2125 319 2206 bominibus
345 2122 432 2180 servis
458 2119 496 2177 ad
524 2119 684 2178 libertatern
712 2122 829 2192 vocatis,
855 2122 987 2180 exulibus
1012 2122 1143 2179 omnium

143 2226 290 2284 civitatum
315 2221 420 2290 ascitis,
444 2220 567 2295 receptis
591 2220 751 2280 latronibus
775 2223 985 2298 impedimenta
1010 2231 1038 2280 et
1063 2239 1144 2280 com·
1160 2243 1190 2280 20
1276 2242 1277 2246 ¹
1334 2219 1335 2222 ’

142 2335 256 2383 meatus
284 2322 489 2380 Romanorum
521 2321 722 2396 interceperat,
750 2340 811 2380 non
840 2323 963 2398 amplius
991 2320 1144 2381 bominum

142 2422 258 2480 milibus
277 2440 313 2479 ex
328 2419 397 2494 fuga
416 2418 544 2493 quinque
561 2419 687 2478 collectis
708 2421 888 2496 provinciam
909 2431 1007 2497 petere
1027 2439 1144 2497 unaque

142 2521 300 2580 consilium
331 2537 400 2576 cum
431 2534 467 2574 eo
501 2516 669 2576 Lucterium
703 2519 870 2578 Cadurcum
899 2519 1024 2596 cepisse,
1056 2537 1143 2597 quem

142 2621 291 2696 superiore
315 2615 525 2678 commentario
551 2616 644 2693 prima
670 2616 833 2675 defectione
860 2617 970 2677 Galliae
993 2619 1089 2677 facere
1114 2619 1144 2676 in
1181 2664 1185 2672 .

141 2717 322 2794 provinciam
339 2713 465 2771 voluisse
479 2713 620 2788 impetum
636 2716 785 2791 cognitum
801 2724 853 2784 est,
869 2715 1009 2776 Caninius
1031 2719 1144 2793 legatus
1159 2736 1188 2785 ²5

142 2834 211 2874 cum
233 2813 397 2889 legionibus
418 2812 531 2870 duabus
552 2813 590 2871 ad
611 2831 663 2871 eos
685 2815 905 2890 persequendos
928 2818 1083 2887 contendit,
1106 2808 1143 2874 ne

141 2915 316 2974 detrimento
341 2922 389 2969 aut
415 2911 519 2970 timore
544 2913 710 2988 provinciae
735 2931 845 2988 magna
873 2914 992 2974 infamia
1015 2918 1144 2993 perdito·

140 3031 205 3072 rum
225 3012 378 3070 hominum
397 3010 553 3068 latrociniis
572 3020 729 3086 caperetur.
768 3017 817 3070 131.
842 3011 934 3073 Gaius
954 3013 1060 3072 Fabius
1075 3033 1143 3072 cum

140 3113 251 3188 reliquo
269 3109 396 3168 exercitu
414 3108 444 3166 in
459 3107 602 3167 Carnutes
616 3103 786 3186 ceterasque
801 3111 991 3187 proficiscitur
1005 3113 1141 3181 civitates,

140 3227 263 3286 quarum
291 3226 327 3266 eo
359 3207 479 3283 proelio,
508 3207 589 3282 quod
617 3225 685 3265 cum
713 3206 870 3267 Dumnaco
898 3209 1014 3280 fecerat,
1043 3209 1142 3283 copias
1158 3223 1188 3272 30

140 3327 205 3369 esse
237 3307 348 3366 accisas
381 3306 499 3364 sciebat.
542 3305 612 3364 Non
641 3307 720 3363 enirn
749 3307 909 3378 dubitabat,
938 3309 1008 3383 quin
1035 3311 1143 3366 recenti

141 3407 304 3467 calamitate
337 3405 538 3462 submissiores
572 3415 670 3463 essent
699 3405 822 3476 futurae,
856 3406 924 3464 dato
953 3424 1020 3464 vero
1049 3408 1143 3481 spatio

141 3523 175 3564 ac
208 3515 340 3580 tempore
374 3503 479 3562 eodem
513 3503 669 3577 instigante
697 3502 854 3562 Dumnaco
883 3514 1005 3579 possent
1032 3506 1143 3564 concit-

142 3605 192 3664 ari.
235 3601 304 3673 Qua
326 3601 356 3658 in
378 3619 410 3660 re
432 3618 548 3662 summa
566 3600 686 3660 felicitas
707 3601 894 3678 celeritasque
914 3603 946 3660 in
968 3603 1143 3680 recipiendis
