2686 3910
194 153 254 221 172
512 158 542 205 o.
567 157 660 204 rurrr
681 154 855 204 CAESARJS
1126 156 1186 201 vrr.

189 302 319 372 consiliu,
345 303 484 380 quoniam
513 314 626 363 tanturn
653 315 730 364 esset
757 305 922 364 necessario
949 301 1074 378 spatium
1103 320 1186 360 com-

189 400 299 474 plexus,
319 419 373 459 nec
393 401 475 460 facile
497 412 590 460 totum
610 421 717 479 corpus
739 421 850 462 corona
869 402 993 460 militurn
1012 401 1186 476 cingeretur,

189 515 224 555 ne
243 498 279 555 de
298 498 457 575 improviso
471 511 520 559 aut
534 513 624 559 noctu
638 501 675 560 ad
690 503 868 560 munitiones
887 500 1015 558 hostium
1029 499 1184 556 multitudo

189 595 342 668 advolaret,
371 604 421 656 aut
451 598 577 657 interdiu
607 600 664 658 tela
698 601 729 657 in
760 609 877 658 nostros
909 599 992 674 operi
1023 598 1185 656 destinatos

159 689 474 772 tconieere'possent.
518 695 587 754 Hoc
616 697 782 756 intermisso
807 697 901 772 spatio
930 696 1002 754 duas
1026 695 1121 754 fossas
1146 711 1186 751 xv

188 792 279 866 pedes
299 793 380 864 latas,
403 794 506 851 eadem
528 794 677 853 altitudine
697 795 848 870 perduxit3
874 811 997 869 quarum
1017 792 1186 850 interiorem

188 893 397 966 campestribus
422 910 457 950 ac
485 892 617 950 demissis
645 892 718 952 locis
746 910 822 968 aqua
849 911 886 950 ex
910 891 1029 949 flumine
1057 891 1186 948 derivata

188 991 351 1065 complevit.
393 990 464 1048 Post
491 1009 541 1049 eas
569 1009 707 1066 aggerem
735 1010 770 1050 ac
797 991 903 1049 vallum
932 1009 972 1050 xu
999 990 1108 1065 pedum
1134 1008 1185 1047 ex·

135 1131 137 1134 -
187 1089 296 1146 struxit.
339 1087 417 1146 Huic
441 1088 561 1146 loricam
585 1091 750 1166 pinnasque
775 1089 888 1160 adiecit,
910 1087 1069 1164 grandibus
1093 1087 1186 1145 cervis

142 1192 174 1229 ¹0
186 1187 379 1245 eminentibus
417 1187 455 1245 ad
475 1189 697 1254 ¹commissuras
731 1188 897 1264 pluteorum
935 1197 1022 1262 atque
1060 1187 1185 1262 aggeris

187 1285 235 1359 qui
269 1302 424 1343 ascensum
458 1285 586 1344 hostium
621 1288 775 1356 tardarent,
807 1297 835 1345 et
869 1296 961 1343 turres
997 1294 1059 1344 toto
1094 1301 1185 1359 opere

187 1383 383 1453 circumdedit,
403 1402 478 1460 quae
499 1385 590 1460 pedes
611 1403 687 1443 Lxxx
707 1385 781 1442 inter
801 1403 831 1442 se
852 1385 999 1442 distarent.
1042 1389 1091 1443 73.
1113 1381 1185 1438 Erat

186 1481 292 1540 eodem
313 1492 445 1557 tempore
467 1493 495 1541 et
516 1484 660 1541 materiari
685 1493 713 1540 et
734 1482 903 1541 frumentari
924 1491 953 1540 et
973 1491 1068 1540 tantas
1089 1480 1184 1538 muni-

186 1581 280 1639 tiones
302 1581 363 1639 fieri
387 1600 507 1640 necesse
534 1582 688 1640 deminutis
713 1583 819 1640 nostris
844 1581 945 1657 copiis,
967 1598 1042 1657 quae
1067 1581 1184 1654 longius

141 1691 171 1737 15
186 1679 223 1735 ab
244 1681 345 1738 castris
369 1681 645 1756 progrediebantur;
674 1699 708 1738 ac
729 1698 951 1756 nonnumquam
972 1698 1062 1756 opera
1083 1690 1184 1739 nostra

187 1776 262 1835 Galli
282 1786 421 1853 temptare
441 1789 528 1854 atque
550 1779 731 1854 eruptionem
753 1797 789 1836 ex
809 1778 919 1853 oppido
941 1778 1070 1854 pluribus
1091 1778 1183 1853 portis

186 1895 300 1934 summa
317 1877 344 1933 vi
358 1877 453 1935 facere
468 1878 656 1935 conabantur.
700 1876 798 1948 Quare
821 1876 858 1934 ad
879 1875 952 1934 haec
973 1894 1070 1934 rursus
1092 1894 1189 1951 opera

186 1975 352 2033 addendum
385 1974 493 2034 Caesar
523 1977 642 2051 putavit,
671 1993 730 2051 quo
762 1975 874 2033 minore
906 1992 1027 2033 numero
1059 1974 1183 2031 militum

185 2075 362 2132 munitiones
385 2073 502 2132 defendi
529 2085 659 2149 possent
702 2074 804 2150 Itaque
831 2073 939 2130 truncis
967 2074 1103 2131 arborum
1131 2073 1183 2130 ad·

142 2189 173 2223 20
186 2172 307 2230 modum
336 2173 425 2230 firmis
455 2173 542 2229 ramis
571 2173 691 2230 abscisis
719 2183 805 2247 atque
836 2170 941 2229 horum
974 2172 1119 2230 delibratis
1147 2191 1182 2230 ac

186 2271 347 2344 praeacutis
367 2271 567 2328 cacuminibus
585 2285 741 2345 perpetuae
758 2270 854 2328 fossae
874 2270 978 2345 quinos
998 2270 1089 2345 pedes
1108 2270 1181 2328 altae

186 2368 373 2426 ducebantur.
415 2367 485 2426 Huc
506 2368 545 2424 illi
566 2369 677 2442 stipites
696 2369 813 2427 demissi
832 2377 861 2425 et
881 2369 918 2425 ab
931 2368 1033 2426 infimo
1052 2370 1180 2440 revincti,

186 2484 222 2524 ne
238 2467 333 2524 revelli
350 2475 479 2542 possent,
495 2469 532 2524 ab
546 2467 634 2524 ramis
648 2467 824 2526 eminebant.
866 2466 957 2539 Quini
971 2478 1052 2526 erant
1066 2467 1181 2528 ordines

186 2565 332 2623 coniuncti
353 2565 427 2621 inter
449 2583 480 2623 se
501 2574 588 2640 atque
610 2565 763 2640 implicati3
793 2583 853 2642 quo
875 2567 923 2642 qui
945 2567 1127 2636 intraverant,
1150 2586 1181 2625 se

139 2675 170 2725 25
185 2662 239 2738 ipsi
260 2663 432 2721 acutissimis
456 2663 536 2721 vallis
560 2663 729 2722 induebant.
772 2664 839 2722 Hos
861 2664 964 2739 cippos
986 2665 1179 2740 appellabant.

185 2762 262 2819 Ante
294 2780 369 2838 quos
400 2761 524 2838 obliquis
556 2762 705 2820 ordinibus
740 2764 771 2820 in
803 2763 998 2839 quincuncem
1034 2763 1181 2838 dispositis

185 2861 302 2920 scrobes
335 2869 391 2918 tres
426 2861 457 2918 in
488 2860 668 2918 altitudinem
702 2862 793 2939 pedes
824 2860 1007 2919 fodiebantur
1041 2862 1181 2936 paulatim

185 2960 350 3034 angustiore
364 2959 402 3016 ad
421 2959 554 3017 infimum
568 2957 692 3034 fastigio.
737 2958 806 3018 Huc
820 2969 923 3017 teretes
943 2959 1052 3035 stipites
1066 2960 1181 3019 feminis

185 3057 372 3116 crassitudine
393 3057 430 3115 ab
453 3075 569 3115 summo
589 3058 736 3133 praeacuti
757 3068 785 3116 ct
806 3058 932 3134 praeusti
957 3058 1180 3116 demittebantur

140 3171 172 3219 30
184 3156 231 3225 ita,
257 3165 288 3213 ut
315 3173 376 3214 non
401 3156 524 3231 amplius
552 3156 648 3230 digitis
676 3166 811 3233 quattuor
838 3175 875 3214 ex
904 3166 978 3215 terra
1003 3156 1179 3230 eminerent;

186 3252 270 3310 simul
298 3254 491 3312 confirmandi
519 3263 547 3310 et
576 3254 738 3312 stabiliendi
764 3272 852 3313 causa
880 3254 985 3330 singuli
1012 3256 1049 3312 ab
1076 3256 1179 3315 infimo

187 3349 250 3407 solo
281 3351 371 3426 pedes
399 3361 474 3409 terra
502 3351 734 3424 exculcabantur,
763 3353 873 3428 reliqua
903 3371 970 3428 pars
1002 3355 1114 3412 scrobis
1141 3357 1181 3416 ad

186 3449 371 3509 occultandas
406 3443 525 3510 insidias
563 3435 717 3510 viminibus
752 3471 786 3510 ac
823 3452 952 3528 virgultis
988 3452 1180 3529 integebatur.
