<?xml version="1.0" encoding="UTF-8"?>
<!DOCTYPE html PUBLIC "-//W3C//DTD XHTML 1.0 Transitional//EN"
    "http://www.w3.org/TR/xhtml1/DTD/xhtml1-transitional.dtd">
<html xmlns="http://www.w3.org/1999/xhtml" xml:lang="en" lang="en">
 <head>
  <title>
</title>
<meta http-equiv="Content-Type" content="text/html;charset=utf-8" />
  <meta name='ocr-system' content='tesseract 3.04.00' />
  <meta name='ocr-capabilities' content='ocr_page ocr_carea ocr_par ocr_line ocrx_word'/>
</head>
<body>
  <div class='ocr_page' id='page_1' title='image "./commentariescju00hirtgoog_0201.png"; bbox 0 0 2686 3910; ppageno 0'>
   <div class='ocr_carea' id='block_1_1' title="bbox 158 161 1200 246">
    <p class='ocr_par' dir='ltr' id='par_1_1' title="bbox 158 161 1200 246">
     <span class='ocr_line' id='line_1_1' title="bbox 158 161 1200 246; baseline -0.003 -20"><span class='ocrx_word' id='word_1_1' title='bbox 158 224 162 245; x_wconf 76' lang='grc'>,</span> <span class='ocrx_word' id='word_1_2' title='bbox 209 161 269 246; x_wconf 85' lang='lat'>158</span> <span class='ocrx_word' id='word_1_3' title='bbox 529 179 558 229; x_wconf 83' lang='lat' dir='ltr'>e.</span> <span class='ocrx_word' id='word_1_4' title='bbox 580 178 675 226; x_wconf 81' lang='lat' dir='ltr'>runrr</span> <span class='ocrx_word' id='word_1_5' title='bbox 696 176 870 226; x_wconf 65' lang='lat' dir='ltr'>cassiam</span> <span class='ocrx_word' id='word_1_6' title='bbox 1140 179 1200 224; x_wconf 84' lang='lat' dir='ltr'>vu.</span> 
     </span>
    </p>
   </div>
   <div class='ocr_carea' id='block_1_2' title="bbox 161 326 1202 3578">
    <p class='ocr_par' dir='ltr' id='par_1_2' title="bbox 161 326 1202 3578">
     <span class='ocr_line' id='line_1_2' title="bbox 205 326 1202 389; baseline -0.004 -3"><span class='ocrx_word' id='word_1_7' title='bbox 205 329 283 386; x_wconf 94' lang='lat' dir='ltr'>tione</span> <span class='ocrx_word' id='word_1_8' title='bbox 308 328 453 388; x_wconf 87' lang='lat' dir='ltr'><strong>interclusi</strong></span> <span class='ocrx_word' id='word_1_9' title='bbox 477 329 656 389; x_wconf 86' lang='lat' dir='ltr'>viderentur:</span> <span class='ocrx_word' id='word_1_10' title='bbox 688 329 726 388; x_wconf 91' lang='lat' dir='ltr'>ad</span> <span class='ocrx_word' id='word_1_11' title='bbox 749 329 827 388; x_wconf 91' lang='lat' dir='ltr'>hunc</span> <span class='ocrx_word' id='word_1_12' title='bbox 848 326 1039 386; x_wconf 91' lang='lat' dir='ltr'>muniendum</span> <span class='ocrx_word' id='word_1_13' title='bbox 1059 343 1163 385; x_wconf 91' lang='lat' dir='ltr'>omnes</span> <span class='ocrx_word' id='word_1_14' title='bbox 1183 342 1202 382; x_wconf 86' lang='lat' dir='ltr'>a</span> 
     </span>
     <span class='ocr_line' id='line_1_3' title="bbox 206 424 1201 504; baseline -0.001 -22"><span class='ocrx_word' id='word_1_15' title='bbox 206 424 444 504; x_wconf 84' lang='lat' dir='ltr'>Vercingetorige</span> <span class='ocrx_word' id='word_1_16' title='bbox 463 438 608 487; x_wconf 87' lang='lat' dir='ltr'>evocatos.</span> <span class='ocrx_word' id='word_1_17' title='bbox 649 433 702 486; x_wconf 83' lang='lat'>45.</span> <span class='ocrx_word' id='word_1_18' title='bbox 725 426 792 486; x_wconf 91' lang='lat' dir='ltr'>Hac</span> <span class='ocrx_word' id='word_1_19' title='bbox 812 445 842 485; x_wconf 92' lang='lat' dir='ltr'>re</span> <span class='ocrx_word' id='word_1_20' title='bbox 862 427 980 502; x_wconf 88' lang='lat' dir='ltr'>cognita</span> <span class='ocrx_word' id='word_1_21' title='bbox 994 425 1103 484; x_wconf 91' lang='lat' dir='ltr'>Caesar</span> <span class='ocrx_word' id='word_1_22' title='bbox 1116 424 1201 482; x_wconf 88' lang='lat' dir='ltr'>mittit</span> 
     </span>
     <span class='ocr_line' id='line_1_4' title="bbox 206 526 1202 604; baseline -0.005 -18"><span class='ocrx_word' id='word_1_23' title='bbox 206 526 371 602; x_wconf 87' lang='lat' dir='ltr'>complures</span> <span class='ocrx_word' id='word_1_24' title='bbox 386 527 518 604; x_wconf 89' lang='lat' dir='ltr'>equitum</span> <span class='ocrx_word' id='word_1_25' title='bbox 535 537 644 587; x_wconf 90' lang='lat' dir='ltr'>turmas</span> <span class='ocrx_word' id='word_1_26' title='bbox 658 526 763 586; x_wconf 91' lang='lat' dir='ltr'>eodem</span> <span class='ocrx_word' id='word_1_27' title='bbox 783 527 881 586; x_wconf 88' lang='lat' dir='ltr'>media</span> <span class='ocrx_word' id='word_1_28' title='bbox 899 535 1004 585; x_wconf 89' lang='lat' dir='ltr'>nocte:</span> <span class='ocrx_word' id='word_1_29' title='bbox 1025 527 1156 602; x_wconf 88' lang='lat' dir='ltr'>imperat,</span> <span class='ocrx_word' id='word_1_30' title='bbox 1170 533 1202 582; x_wconf 93' lang='lat' dir='ltr'>ut</span> 
     </span>
     <span class='ocr_line' id='line_1_5' title="bbox 205 622 1200 702; baseline -0.002 -20"><span class='ocrx_word' id='word_1_31' title='bbox 205 625 292 700; x_wconf 91' lang='lat' dir='ltr'>paulo</span> <span class='ocrx_word' id='word_1_32' title='bbox 314 627 518 686; x_wconf 85' lang='lat' dir='ltr'>tumultuosius</span> <span class='ocrx_word' id='word_1_33' title='bbox 537 627 674 686; x_wconf 89' lang='lat' dir='ltr'>omnibus</span> <span class='ocrx_word' id='word_1_34' title='bbox 697 626 768 685; x_wconf 88' lang='lat' dir='ltr'>locis</span> <span class='ocrx_word' id='word_1_35' title='bbox 793 635 973 702; x_wconf 87' lang='lat' dir='ltr'>vagarentur.</span> <span class='ocrx_word' id='word_1_36' title='bbox 1017 623 1113 683; x_wconf 91' lang='lat' dir='ltr'>Prima</span> <span class='ocrx_word' id='word_1_37' title='bbox 1135 622 1200 682; x_wconf 90' lang='lat' dir='ltr'>luce</span> 
     </span>
     <span class='ocr_line' id='line_1_6' title="bbox 177 723 1200 801; baseline -0.002 -21"><span class='ocrx_word' id='word_1_38' title='bbox 177 733 191 780; x_wconf 85' lang='grc'>5</span> <span class='ocrx_word' id='word_1_39' title='bbox 205 741 345 800; x_wconf 89' lang='lat' dir='ltr'>magnum</span> <span class='ocrx_word' id='word_1_40' title='bbox 365 742 518 782; x_wconf 91' lang='lat' dir='ltr'>numerum</span> <span class='ocrx_word' id='word_1_41' title='bbox 538 724 811 801; x_wconf 90' lang='lat' dir='ltr'>impedimentorum</span> <span class='ocrx_word' id='word_1_42' title='bbox 827 742 864 782; x_wconf 87' lang='lat' dir='ltr'>ex</span> <span class='ocrx_word' id='word_1_43' title='bbox 877 723 978 782; x_wconf 90' lang='lat' dir='ltr'>castris</span> <span class='ocrx_word' id='word_1_44' title='bbox 997 723 1200 798; x_wconf 91' lang='lat' dir='ltr'>mulorumque</span> 
     </span>
     <span class='ocr_line' id='line_1_7' title="bbox 204 822 1200 900; baseline -0.003 -19"><span class='ocrx_word' id='word_1_45' title='bbox 204 823 326 899; x_wconf 88' lang='lat' dir='ltr'>produci</span> <span class='ocrx_word' id='word_1_46' title='bbox 354 824 448 900; x_wconf 91' lang='lat' dir='ltr'>deque</span> <span class='ocrx_word' id='word_1_47' title='bbox 483 824 527 882; x_wconf 93' lang='lat' dir='ltr'>his</span> <span class='ocrx_word' id='word_1_48' title='bbox 562 833 718 890; x_wconf 86' lang='lat' dir='ltr'>stramenta</span> <span class='ocrx_word' id='word_1_49' title='bbox 752 823 862 882; x_wconf 78' lang='lat' dir='ltr'>detrahi</span> <span class='ocrx_word' id='word_1_50' title='bbox 897 822 1099 896; x_wconf 85' lang='lat' dir='ltr'>mulionesque</span> <span class='ocrx_word' id='word_1_51' title='bbox 1132 837 1200 878; x_wconf 91' lang='lat' dir='ltr'>cum</span> 
     </span>
     <span class='ocr_line' id='line_1_8' title="bbox 204 915 1200 997; baseline -0.007 -17"><span class='ocrx_word' id='word_1_52' title='bbox 204 921 366 980; x_wconf 82' lang='lat' dir='ltr'>cassidibus</span> <span class='ocrx_word' id='word_1_53' title='bbox 379 921 509 997; x_wconf 91' lang='lat' dir='ltr'>equitum</span> <span class='ocrx_word' id='word_1_54' title='bbox 523 921 621 997; x_wconf 92' lang='lat' dir='ltr'>specie</span> <span class='ocrx_word' id='word_1_55' title='bbox 640 939 674 980; x_wconf 89' lang='lat' dir='ltr'>ac</span> <span class='ocrx_word' id='word_1_56' title='bbox 690 921 872 980; x_wconf 81' lang='lat' dir='ltr'>simulatione</span> <span class='ocrx_word' id='word_1_57' title='bbox 891 919 1012 980; x_wconf 93' lang='lat' dir='ltr'>collibus</span> <span class='ocrx_word' id='word_1_58' title='bbox 1027 915 1200 978; x_wconf 90' lang='lat' dir='ltr'>circumvehi</span> 
     </span>
     <span class='ocr_line' id='line_1_9' title="bbox 204 1014 1199 1099; baseline -0.003 -22"><span class='ocrx_word' id='word_1_59' title='bbox 204 1019 294 1099; x_wconf 91' lang='lat' dir='ltr'>iubet.</span> <span class='ocrx_word' id='word_1_60' title='bbox 335 1019 392 1078; x_wconf 93' lang='lat' dir='ltr'>His</span> <span class='ocrx_word' id='word_1_61' title='bbox 419 1037 532 1095; x_wconf 88' lang='lat' dir='ltr'>paucos</span> <span class='ocrx_word' id='word_1_62' title='bbox 559 1020 640 1078; x_wconf 82' lang='lat' dir='ltr'>addit</span> <span class='ocrx_word' id='word_1_63' title='bbox 668 1021 786 1096; x_wconf 91' lang='lat' dir='ltr'>equites,</span> <span class='ocrx_word' id='word_1_64' title='bbox 815 1019 865 1096; x_wconf 92' lang='lat' dir='ltr'>qui</span> <span class='ocrx_word' id='word_1_65' title='bbox 892 1018 977 1077; x_wconf 87' lang='lat' dir='ltr'>latius</span> <span class='ocrx_word' id='word_1_66' title='bbox 998 1014 1199 1077; x_wconf 85' lang='lat' dir='ltr'>ostentationis</span> 
     </span>
     <span class='ocr_line' id='line_1_10' title="bbox 204 1117 1200 1194; baseline -0.005 -17"><span class='ocrx_word' id='word_1_67' title='bbox 204 1136 293 1177; x_wconf 87' lang='lat' dir='ltr'>causa</span> <span class='ocrx_word' id='word_1_68' title='bbox 326 1127 506 1194; x_wconf 88' lang='lat' dir='ltr'>vagarentur.</span> <span class='ocrx_word' id='word_1_69' title='bbox 548 1117 655 1193; x_wconf 89' lang='lat' dir='ltr'>Longo</span> <span class='ocrx_word' id='word_1_70' title='bbox 690 1119 811 1178; x_wconf 92' lang='lat' dir='ltr'>circuitu</span> <span class='ocrx_word' id='word_1_71' title='bbox 845 1135 949 1176; x_wconf 91' lang='lat' dir='ltr'>omnes</span> <span class='ocrx_word' id='word_1_72' title='bbox 988 1117 1068 1175; x_wconf 93' lang='lat' dir='ltr'>iubet</span> <span class='ocrx_word' id='word_1_73' title='bbox 1101 1124 1200 1192; x_wconf 88' lang='lat' dir='ltr'>petere</span> 
     </span>
     <span class='ocr_line' id='line_1_11' title="bbox 162 1215 1200 1294; baseline 0.003 -24"><span class='ocrx_word' id='word_1_74' title='bbox 162 1235 192 1270; x_wconf 90' lang='lat'>10</span> <span class='ocrx_word' id='word_1_75' title='bbox 204 1217 346 1292; x_wconf 89' lang='lat' dir='ltr'>regiones.</span> <span class='ocrx_word' id='word_1_76' title='bbox 390 1215 475 1275; x_wconf 87' lang='lat' dir='ltr'>Haec</span> <span class='ocrx_word' id='word_1_77' title='bbox 504 1216 606 1292; x_wconf 93' lang='lat' dir='ltr'>procul</span> <span class='ocrx_word' id='word_1_78' title='bbox 631 1235 667 1274; x_wconf 84' lang='lat' dir='ltr'>ex</span> <span class='ocrx_word' id='word_1_79' title='bbox 691 1216 802 1294; x_wconf 86' lang='lat' dir='ltr'>oppido</span> <span class='ocrx_word' id='word_1_80' title='bbox 831 1216 1009 1286; x_wconf 89' lang='lat' dir='ltr'>videbantur,</span> <span class='ocrx_word' id='word_1_81' title='bbox 1035 1225 1067 1273; x_wconf 94' lang='lat' dir='ltr'>ut</span> <span class='ocrx_word' id='word_1_82' title='bbox 1094 1223 1155 1275; x_wconf 91' lang='lat' dir='ltr'>erat</span> <span class='ocrx_word' id='word_1_83' title='bbox 1183 1233 1200 1273; x_wconf 86' lang='lat' dir='ltr'>a</span> 
     </span>
     <span class='ocr_line' id='line_1_12' title="bbox 205 1313 1200 1392; baseline -0.002 -18"><span class='ocrx_word' id='word_1_84' title='bbox 205 1313 352 1390; x_wconf 91' lang='lat' dir='ltr'>Gergovia</span> <span class='ocrx_word' id='word_1_85' title='bbox 371 1315 526 1390; x_wconf 92' lang='lat' dir='ltr'>despectus</span> <span class='ocrx_word' id='word_1_86' title='bbox 544 1315 574 1372; x_wconf 91' lang='lat' dir='ltr'>in</span> <span class='ocrx_word' id='word_1_87' title='bbox 591 1324 693 1385; x_wconf 88' lang='lat' dir='ltr'>castra,</span> <span class='ocrx_word' id='word_1_88' title='bbox 715 1333 811 1391; x_wconf 92' lang='lat' dir='ltr'>neque</span> <span class='ocrx_word' id='word_1_89' title='bbox 829 1325 909 1374; x_wconf 90' lang='lat' dir='ltr'>tanto</span> <span class='ocrx_word' id='word_1_90' title='bbox 923 1316 1027 1392; x_wconf 91' lang='lat' dir='ltr'>spatio,</span> <span class='ocrx_word' id='word_1_91' title='bbox 1046 1315 1115 1374; x_wconf 88' lang='lat' dir='ltr'>certi</span> <span class='ocrx_word' id='word_1_92' title='bbox 1129 1315 1200 1390; x_wconf 93' lang='lat' dir='ltr'>quid</span> 
     </span>
     <span class='ocr_line' id='line_1_13' title="bbox 205 1411 1200 1489; baseline -0.001 -18"><span class='ocrx_word' id='word_1_93' title='bbox 205 1422 289 1483; x_wconf 88' lang='lat' dir='ltr'>esset,</span> <span class='ocrx_word' id='word_1_94' title='bbox 305 1412 449 1488; x_wconf 84' lang='lat' dir='ltr'>explorari</span> <span class='ocrx_word' id='word_1_95' title='bbox 463 1421 583 1488; x_wconf 75' lang='lat' dir='ltr'>poterat„</span> <span class='ocrx_word' id='word_1_96' title='bbox 626 1413 789 1488; x_wconf 86' lang='lat' dir='ltr'>Legionem</span> <span class='ocrx_word' id='word_1_97' title='bbox 803 1431 893 1472; x_wconf 89' lang='lat' dir='ltr'>unam</span> <span class='ocrx_word' id='word_1_98' title='bbox 907 1414 1012 1473; x_wconf 90' lang='lat' dir='ltr'>eodem</span> <span class='ocrx_word' id='word_1_99' title='bbox 1031 1414 1101 1489; x_wconf 90' lang='lat' dir='ltr'>iugo</span> <span class='ocrx_word' id='word_1_100' title='bbox 1115 1411 1200 1471; x_wconf 89' lang='lat' dir='ltr'>mittit</span> 
     </span>
     <span class='ocr_line' id='line_1_14' title="bbox 205 1511 1199 1588; baseline 0.001 -19"><span class='ocrx_word' id='word_1_101' title='bbox 205 1521 234 1569; x_wconf 93' lang='lat' dir='ltr'>et</span> <span class='ocrx_word' id='word_1_102' title='bbox 261 1511 381 1588; x_wconf 88' lang='lat' dir='ltr'>paulum</span> <span class='ocrx_word' id='word_1_103' title='bbox 409 1529 595 1587; x_wconf 87' lang='lat' dir='ltr'>progressam</span> <span class='ocrx_word' id='word_1_104' title='bbox 626 1511 761 1570; x_wconf 74' lang='lat' dir='ltr'>inferiore</span> <span class='ocrx_word' id='word_1_105' title='bbox 790 1511 937 1571; x_wconf 90' lang='lat' dir='ltr'>constituit</span> <span class='ocrx_word' id='word_1_106' title='bbox 969 1512 1035 1571; x_wconf 94' lang='lat' dir='ltr'>loco</span> <span class='ocrx_word' id='word_1_107' title='bbox 1064 1511 1199 1588; x_wconf 91' lang='lat' dir='ltr'>silvisque</span> 
     </span>
     <span class='ocr_line' id='line_1_15' title="bbox 205 1608 1200 1686; baseline 0 -18"><span class='ocrx_word' id='word_1_108' title='bbox 205 1608 337 1668; x_wconf 90' lang='lat' dir='ltr'>occultat.</span> <span class='ocrx_word' id='word_1_109' title='bbox 379 1608 512 1685; x_wconf 86' lang='lat' dir='ltr'>Augetur</span> <span class='ocrx_word' id='word_1_110' title='bbox 533 1609 624 1668; x_wconf 88' lang='lat' dir='ltr'>Gallis</span> <span class='ocrx_word' id='word_1_111' title='bbox 642 1611 770 1686; x_wconf 88' lang='lat' dir='ltr'>suspicio</span> <span class='ocrx_word' id='word_1_112' title='bbox 787 1619 874 1686; x_wconf 88' lang='lat' dir='ltr'>atque</span> <span class='ocrx_word' id='word_1_113' title='bbox 893 1627 997 1669; x_wconf 90' lang='lat' dir='ltr'>omnes</span> <span class='ocrx_word' id='word_1_114' title='bbox 1014 1609 1063 1668; x_wconf 89' lang='lat' dir='ltr'>illo</span> <span class='ocrx_word' id='word_1_115' title='bbox 1082 1611 1200 1668; x_wconf 87' lang='lat' dir='ltr'>muniti-</span> 
     </span>
     <span class='ocr_line' id='line_1_16' title="bbox 161 1707 1200 1784; baseline 0.002 -18"><span class='ocrx_word' id='word_1_116' title='bbox 161 1724 191 1783; x_wconf 62' lang='lat'>35</span> <span class='ocrx_word' id='word_1_117' title='bbox 205 1725 297 1766; x_wconf 90' lang='lat' dir='ltr'>onum</span> <span class='ocrx_word' id='word_1_118' title='bbox 322 1708 425 1784; x_wconf 88' lang='lat' dir='ltr'>copiae</span> <span class='ocrx_word' id='word_1_119' title='bbox 454 1708 651 1768; x_wconf 80' lang='lat' dir='ltr'>traducuntur.</span> <span class='ocrx_word' id='word_1_120' title='bbox 692 1707 795 1767; x_wconf 87' lang='lat' dir='ltr'>Vacua</span> <span class='ocrx_word' id='word_1_121' title='bbox 820 1717 913 1767; x_wconf 87' lang='lat' dir='ltr'>castra</span> <span class='ocrx_word' id='word_1_122' title='bbox 936 1709 1065 1767; x_wconf 90' lang='lat' dir='ltr'>hostiurn</span> <span class='ocrx_word' id='word_1_123' title='bbox 1090 1708 1200 1768; x_wconf 87' lang='lat' dir='ltr'>Caesar</span> 
     </span>
     <span class='ocr_line' id='line_1_17' title="bbox 204 1806 1199 1883; baseline 0.002 -19"><span class='ocrx_word' id='word_1_124' title='bbox 204 1806 392 1881; x_wconf 90' lang='lat' dir='ltr'>conspicatus</span> <span class='ocrx_word' id='word_1_125' title='bbox 419 1807 502 1864; x_wconf 89' lang='lat' dir='ltr'>tectis</span> <span class='ocrx_word' id='word_1_126' title='bbox 529 1806 692 1882; x_wconf 87' lang='lat' dir='ltr'>insignibus</span> <span class='ocrx_word' id='word_1_127' title='bbox 725 1824 844 1865; x_wconf 92' lang='lat' dir='ltr'>suorum</span> <span class='ocrx_word' id='word_1_128' title='bbox 869 1807 1077 1883; x_wconf 87' lang='lat' dir='ltr'>occultatisque</span> <span class='ocrx_word' id='word_1_129' title='bbox 1108 1807 1199 1882; x_wconf 92' lang='lat' dir='ltr'>signis</span> 
     </span>
     <span class='ocr_line' id='line_1_18' title="bbox 205 1905 1198 1982; baseline 0 -18"><span class='ocrx_word' id='word_1_130' title='bbox 205 1905 372 1964; x_wconf 88' lang='lat' dir='ltr'>militaribus</span> <span class='ocrx_word' id='word_1_131' title='bbox 397 1922 478 1964; x_wconf 89' lang='lat' dir='ltr'>raros</span> <span class='ocrx_word' id='word_1_132' title='bbox 502 1905 613 1976; x_wconf 90' lang='lat' dir='ltr'>milites,</span> <span class='ocrx_word' id='word_1_133' title='bbox 636 1923 674 1963; x_wconf 89' lang='lat' dir='ltr'>ne</span> <span class='ocrx_word' id='word_1_134' title='bbox 695 1922 735 1962; x_wconf 86' lang='lat' dir='ltr'>ex</span> <span class='ocrx_word' id='word_1_135' title='bbox 759 1905 871 1982; x_wconf 94' lang='lat' dir='ltr'>oppido</span> <span class='ocrx_word' id='word_1_136' title='bbox 896 1906 1198 1976; x_wconf 88' lang='lat' dir='ltr'>animadverterentur,</span> 
     </span>
     <span class='ocr_line' id='line_1_19' title="bbox 203 2003 1199 2081; baseline 0.002 -19"><span class='ocrx_word' id='word_1_137' title='bbox 203 2022 242 2062; x_wconf 87' lang='lat' dir='ltr'>ex</span> <span class='ocrx_word' id='word_1_138' title='bbox 266 2004 423 2062; x_wconf 89' lang='lat' dir='ltr'>maioribus</span> <span class='ocrx_word' id='word_1_139' title='bbox 450 2003 549 2063; x_wconf 89' lang='lat' dir='ltr'>castris</span> <span class='ocrx_word' id='word_1_140' title='bbox 577 2004 607 2061; x_wconf 92' lang='lat' dir='ltr'>in</span> <span class='ocrx_word' id='word_1_141' title='bbox 634 2004 748 2062; x_wconf 91' lang='lat' dir='ltr'>minora</span> <span class='ocrx_word' id='word_1_142' title='bbox 775 2003 899 2063; x_wconf 87' lang='lat' dir='ltr'>traducit</span> <span class='ocrx_word' id='word_1_143' title='bbox 925 2004 1094 2081; x_wconf 90' lang='lat' dir='ltr'>legatisque,</span> <span class='ocrx_word' id='word_1_144' title='bbox 1123 2021 1199 2081; x_wconf 87' lang='lat' dir='ltr'>quos</span> 
     </span>
     <span class='ocr_line' id='line_1_20' title="bbox 205 2101 1197 2179; baseline -0.002 -17"><span class='ocrx_word' id='word_1_145' title='bbox 205 2103 326 2179; x_wconf 90' lang='lat' dir='ltr'>singulis</span> <span class='ocrx_word' id='word_1_146' title='bbox 354 2103 518 2179; x_wconf 91' lang='lat' dir='ltr'>legionibus</span> <span class='ocrx_word' id='word_1_147' title='bbox 546 2101 731 2179; x_wconf 82' lang='lat' dir='ltr'>praefecerat,</span> <span class='ocrx_word' id='word_1_148' title='bbox 760 2103 829 2178; x_wconf 93' lang='lat' dir='ltr'>quid</span> <span class='ocrx_word' id='word_1_149' title='bbox 857 2104 918 2162; x_wconf 92' lang='lat' dir='ltr'>fieri</span> <span class='ocrx_word' id='word_1_150' title='bbox 946 2104 1021 2174; x_wconf 92' lang='lat' dir='ltr'>velit,</span> <span class='ocrx_word' id='word_1_151' title='bbox 1049 2104 1197 2164; x_wconf 89' lang='lat' dir='ltr'>ostendit:</span> 
     </span>
     <span class='ocr_line' id='line_1_21' title="bbox 161 2201 1199 2280; baseline 0.006 -26"><span class='ocrx_word' id='word_1_152' title='bbox 161 2220 192 2255; x_wconf 81' lang='lat' dir='ltr'>ao</span> <span class='ocrx_word' id='word_1_153' title='bbox 205 2201 347 2278; x_wconf 89' lang='lat' dir='ltr'>imprimis</span> <span class='ocrx_word' id='word_1_154' title='bbox 366 2212 475 2273; x_wconf 92' lang='lat' dir='ltr'>monet,</span> <span class='ocrx_word' id='word_1_155' title='bbox 493 2210 525 2260; x_wconf 91' lang='lat' dir='ltr'>ut</span> <span class='ocrx_word' id='word_1_156' title='bbox 544 2202 713 2260; x_wconf 89' lang='lat' dir='ltr'>contineant</span> <span class='ocrx_word' id='word_1_157' title='bbox 733 2201 848 2273; x_wconf 90' lang='lat' dir='ltr'>milites,</span> <span class='ocrx_word' id='word_1_158' title='bbox 869 2220 907 2260; x_wconf 90' lang='lat' dir='ltr'>ne</span> <span class='ocrx_word' id='word_1_159' title='bbox 930 2202 1025 2262; x_wconf 88' lang='lat' dir='ltr'>studio</span> <span class='ocrx_word' id='word_1_160' title='bbox 1047 2203 1199 2280; x_wconf 89' lang='lat' dir='ltr'>pugnandi</span> 
     </span>
     <span class='ocr_line' id='line_1_22' title="bbox 205 2299 1198 2377; baseline 0 -19"><span class='ocrx_word' id='word_1_161' title='bbox 205 2310 255 2358; x_wconf 88' lang='lat' dir='ltr'>aut</span> <span class='ocrx_word' id='word_1_162' title='bbox 273 2317 325 2376; x_wconf 92' lang='lat' dir='ltr'>spe</span> <span class='ocrx_word' id='word_1_163' title='bbox 345 2299 471 2377; x_wconf 82' lang='lat' dir='ltr'>praedae</span> <span class='ocrx_word' id='word_1_164' title='bbox 489 2299 605 2376; x_wconf 93' lang='lat' dir='ltr'>longius</span> <span class='ocrx_word' id='word_1_165' title='bbox 621 2300 845 2376; x_wconf 86' lang='lat' dir='ltr'>progrediantur</span> <span class='ocrx_word' id='word_1_166' title='bbox 855 2319 864 2373; x_wconf 72' lang='grc' dir='ltr'><strong><em>ς</em></strong></span> <span class='ocrx_word' id='word_1_167' title='bbox 892 2301 963 2377; x_wconf 93' lang='lat' dir='ltr'>quid</span> <span class='ocrx_word' id='word_1_168' title='bbox 983 2301 1119 2376; x_wconf 90' lang='lat' dir='ltr'>iniquitas</span> <span class='ocrx_word' id='word_1_169' title='bbox 1140 2301 1198 2360; x_wconf 93' lang='lat' dir='ltr'>loci</span> 
     </span>
     <span class='ocr_line' id='line_1_23' title="bbox 204 2397 1198 2477; baseline 0.001 -20"><span class='ocrx_word' id='word_1_170' title='bbox 204 2399 310 2457; x_wconf 87' lang='lat' dir='ltr'>habeat</span> <span class='ocrx_word' id='word_1_171' title='bbox 342 2399 522 2458; x_wconf 88' lang='lat' dir='ltr'>incommodi</span> <span class='ocrx_word' id='word_1_172' title='bbox 555 2399 711 2475; x_wconf 90' lang='lat' dir='ltr'>proponit:</span> <span class='ocrx_word' id='word_1_173' title='bbox 752 2397 810 2457; x_wconf 92' lang='lat' dir='ltr'>hoc</span> <span class='ocrx_word' id='word_1_174' title='bbox 842 2417 901 2458; x_wconf 89' lang='lat' dir='ltr'>una</span> <span class='ocrx_word' id='word_1_175' title='bbox 933 2399 1077 2459; x_wconf 88' lang='lat' dir='ltr'>celeritate</span> <span class='ocrx_word' id='word_1_176' title='bbox 1110 2417 1198 2477; x_wconf 90' lang='lat' dir='ltr'>posse</span> 
     </span>
     <span class='ocr_line' id='line_1_24' title="bbox 204 2495 1198 2574; baseline 0.002 -19"><span class='ocrx_word' id='word_1_177' title='bbox 204 2499 326 2569; x_wconf 90' lang='lat' dir='ltr'>mutari;</span> <span class='ocrx_word' id='word_1_178' title='bbox 368 2495 533 2555; x_wconf 88' lang='lat' dir='ltr'>occasionis</span> <span class='ocrx_word' id='word_1_179' title='bbox 566 2514 631 2556; x_wconf 88' lang='lat' dir='ltr'>esse</span> <span class='ocrx_word' id='word_1_180' title='bbox 661 2515 732 2568; x_wconf 89' lang='lat' dir='ltr'>rem,</span> <span class='ocrx_word' id='word_1_181' title='bbox 764 2515 826 2556; x_wconf 90' lang='lat' dir='ltr'>non</span> <span class='ocrx_word' id='word_1_182' title='bbox 860 2497 969 2574; x_wconf 91' lang='lat' dir='ltr'>proelii.</span> <span class='ocrx_word' id='word_1_183' title='bbox 1020 2497 1077 2556; x_wconf 93' lang='lat' dir='ltr'>His</span> <span class='ocrx_word' id='word_1_184' title='bbox 1111 2500 1198 2557; x_wconf 89' lang='lat' dir='ltr'>rebus</span> 
     </span>
     <span class='ocr_line' id='line_1_25' title="bbox 205 2594 1198 2672; baseline 0.001 -18"><span class='ocrx_word' id='word_1_185' title='bbox 205 2596 344 2671; x_wconf 83' lang='lat' dir='ltr'>expositis</span> <span class='ocrx_word' id='word_1_186' title='bbox 362 2595 478 2670; x_wconf 86' lang='lat' dir='ltr'>signum</span> <span class='ocrx_word' id='word_1_187' title='bbox 495 2595 544 2654; x_wconf 89' lang='lat' dir='ltr'>dat</span> <span class='ocrx_word' id='word_1_188' title='bbox 562 2605 592 2653; x_wconf 93' lang='lat' dir='ltr'>et</span> <span class='ocrx_word' id='word_1_189' title='bbox 605 2595 643 2653; x_wconf 91' lang='lat' dir='ltr'>ab</span> <span class='ocrx_word' id='word_1_190' title='bbox 663 2594 765 2662; x_wconf 87' lang='lat' dir='ltr'>dextra</span> <span class='ocrx_word' id='word_1_191' title='bbox 783 2605 864 2672; x_wconf 91' lang='lat' dir='ltr'>parte</span> <span class='ocrx_word' id='word_1_192' title='bbox 883 2596 940 2655; x_wconf 87' lang='lat' dir='ltr'>alio</span> <span class='ocrx_word' id='word_1_193' title='bbox 954 2614 1079 2655; x_wconf 91' lang='lat' dir='ltr'>ascensu</span> <span class='ocrx_word' id='word_1_194' title='bbox 1092 2596 1198 2656; x_wconf 90' lang='lat' dir='ltr'>eodem</span> 
     </span>
     <span class='ocr_line' id='line_1_26' title="bbox 161 2693 1198 2772; baseline 0.004 -22"><span class='ocrx_word' id='word_1_195' title='bbox 161 2716 190 2764; x_wconf 73' lang='lat'>25</span> <span class='ocrx_word' id='word_1_196' title='bbox 205 2703 337 2770; x_wconf 90' lang='lat' dir='ltr'>tempore</span> <span class='ocrx_word' id='word_1_197' title='bbox 364 2694 485 2753; x_wconf 87' lang='lat' dir='ltr'>Aeduos</span> <span class='ocrx_word' id='word_1_198' title='bbox 517 2694 611 2753; x_wconf 84' lang='lat' dir='ltr'>mittit</span> <span class='ocrx_word' id='word_1_199' title='bbox 666 2699 720 2753; x_wconf 84' lang='lat'>46.</span> <span class='ocrx_word' id='word_1_200' title='bbox 743 2693 854 2770; x_wconf 91' lang='lat' dir='ltr'>Oppidi</span> <span class='ocrx_word' id='word_1_201' title='bbox 881 2713 981 2754; x_wconf 91' lang='lat' dir='ltr'>murus</span> <span class='ocrx_word' id='word_1_202' title='bbox 1009 2696 1046 2754; x_wconf 90' lang='lat' dir='ltr'>ab</span> <span class='ocrx_word' id='word_1_203' title='bbox 1074 2696 1198 2772; x_wconf 84' lang='lat' dir='ltr'>planicie</span> 
     </span>
     <span class='ocr_line' id='line_1_27' title="bbox 204 2793 1198 2869; baseline 0.002 -17"><span class='ocrx_word' id='word_1_204' title='bbox 204 2802 291 2869; x_wconf 87' lang='lat' dir='ltr'>atque</span> <span class='ocrx_word' id='word_1_205' title='bbox 320 2793 402 2850; x_wconf 91' lang='lat' dir='ltr'>initio</span> <span class='ocrx_word' id='word_1_206' title='bbox 431 2810 569 2852; x_wconf 89' lang='lat' dir='ltr'>ascensus</span> <span class='ocrx_word' id='word_1_207' title='bbox 597 2802 676 2852; x_wconf 90' lang='lat' dir='ltr'>recta</span> <span class='ocrx_word' id='word_1_208' title='bbox 702 2793 832 2868; x_wconf 88' lang='lat' dir='ltr'>regione,</span> <span class='ocrx_word' id='word_1_209' title='bbox 862 2793 885 2852; x_wconf 92' lang='lat' dir='ltr'>si</span> <span class='ocrx_word' id='word_1_210' title='bbox 913 2793 1008 2852; x_wconf 91' lang='lat' dir='ltr'>nullus</span> <span class='ocrx_word' id='word_1_211' title='bbox 1042 2793 1198 2854; x_wconf 83' lang='lat' dir='ltr'>amfractus</span> 
     </span>
     <span class='ocr_line' id='line_1_28' title="bbox 204 2891 1197 2969; baseline 0.004 -20"><span class='ocrx_word' id='word_1_212' title='bbox 204 2892 402 2962; x_wconf 87' lang='lat' dir='ltr'>intercederet,</span> <span class='ocrx_word' id='word_1_213' title='bbox 430 2907 491 2949; x_wconf 80' lang='lat' dir='ltr'>troo</span> <span class='ocrx_word' id='word_1_214' title='bbox 519 2909 622 2968; x_wconf 88' lang='lat' dir='ltr'>passus</span> <span class='ocrx_word' id='word_1_215' title='bbox 650 2892 764 2950; x_wconf 89' lang='lat' dir='ltr'>aberat:</span> <span class='ocrx_word' id='word_1_216' title='bbox 800 2891 942 2969; x_wconf 90' lang='lat' dir='ltr'>quidquid</span> <span class='ocrx_word' id='word_1_217' title='bbox 968 2891 1035 2952; x_wconf 92' lang='lat' dir='ltr'>huic</span> <span class='ocrx_word' id='word_1_218' title='bbox 1063 2892 1197 2952; x_wconf 90' lang='lat' dir='ltr'>circuitus</span> 
     </span>
     <span class='ocr_line' id='line_1_29' title="bbox 205 2990 1197 3068; baseline 0 -18"><span class='ocrx_word' id='word_1_219' title='bbox 205 2990 243 3050; x_wconf 94' lang='lat' dir='ltr'>ad</span> <span class='ocrx_word' id='word_1_220' title='bbox 262 2990 452 3050; x_wconf 90' lang='lat' dir='ltr'>molliendum</span> <span class='ocrx_word' id='word_1_221' title='bbox 470 2991 576 3050; x_wconf 91' lang='lat' dir='ltr'>clivum</span> <span class='ocrx_word' id='word_1_222' title='bbox 595 3000 763 3061; x_wconf 86' lang='lat' dir='ltr'>accesserat,</span> <span class='ocrx_word' id='word_1_223' title='bbox 783 2990 815 3050; x_wconf 95' lang='lat' dir='ltr'>id</span> <span class='ocrx_word' id='word_1_224' title='bbox 835 2992 960 3068; x_wconf 87' lang='lat' dir='ltr'>spatium</span> <span class='ocrx_word' id='word_1_225' title='bbox 981 2991 1089 3050; x_wconf 89' lang='lat' dir='ltr'>itineris</span> <span class='ocrx_word' id='word_1_226' title='bbox 1107 3009 1197 3068; x_wconf 83' lang='lat' dir='ltr'>auge-</span> 
     </span>
     <span class='ocr_line' id='line_1_30' title="bbox 205 3088 1199 3165; baseline 0 -15"><span class='ocrx_word' id='word_1_227' title='bbox 205 3093 264 3150; x_wconf 88' lang='lat' dir='ltr'>bat.</span> <span class='ocrx_word' id='word_1_228' title='bbox 304 3089 333 3147; x_wconf 86' lang='grc' dir='ltr'><strong>Α</strong></span> <span class='ocrx_word' id='word_1_229' title='bbox 346 3089 444 3148; x_wconf 89' lang='lat' dir='ltr'>medio</span> <span class='ocrx_word' id='word_1_230' title='bbox 459 3088 518 3148; x_wconf 85' lang='lat' dir='ltr'>fere</span> <span class='ocrx_word' id='word_1_231' title='bbox 538 3089 611 3149; x_wconf 92' lang='lat' dir='ltr'>colle</span> <span class='ocrx_word' id='word_1_232' title='bbox 629 3090 660 3147; x_wconf 93' lang='lat' dir='ltr'>in</span> <span class='ocrx_word' id='word_1_233' title='bbox 678 3089 899 3165; x_wconf 83' lang='lat' dir='ltr'>longitudinem,</span> <span class='ocrx_word' id='word_1_234' title='bbox 917 3100 950 3150; x_wconf 93' lang='lat' dir='ltr'>ut</span> <span class='ocrx_word' id='word_1_235' title='bbox 970 3100 1072 3149; x_wconf 89' lang='lat' dir='ltr'>natura</span> <span class='ocrx_word' id='word_1_236' title='bbox 1088 3091 1199 3150; x_wconf 90' lang='lat' dir='ltr'>montis</span> 
     </span>
     <span class='ocr_line' id='line_1_31' title="bbox 161 3188 1198 3268; baseline 0 -20"><span class='ocrx_word' id='word_1_237' title='bbox 161 3189 324 3267; x_wconf 81' lang='lat' dir='ltr'>30ferebat,</span> <span class='ocrx_word' id='word_1_238' title='bbox 349 3207 385 3247; x_wconf 88' lang='lat' dir='ltr'>ex</span> <span class='ocrx_word' id='word_1_239' title='bbox 410 3188 568 3264; x_wconf 87' lang='lat' dir='ltr'>grandibus</span> <span class='ocrx_word' id='word_1_240' title='bbox 593 3190 671 3248; x_wconf 82' lang='lat' dir='ltr'>saxis</span> <span class='ocrx_word' id='word_1_241' title='bbox 695 3207 747 3247; x_wconf 89' lang='lat' dir='ltr'>sex</span> <span class='ocrx_word' id='word_1_242' title='bbox 771 3188 881 3266; x_wconf 91' lang='lat' dir='ltr'>pedum</span> <span class='ocrx_word' id='word_1_243' title='bbox 904 3208 1029 3258; x_wconf 88' lang='lat' dir='ltr'>murum,</span> <span class='ocrx_word' id='word_1_244' title='bbox 1054 3189 1103 3268; x_wconf 92' lang='lat' dir='ltr'>qui</span> <span class='ocrx_word' id='word_1_245' title='bbox 1128 3208 1198 3250; x_wconf 92' lang='lat' dir='ltr'>nos-</span> 
     </span>
     <span class='ocr_line' id='line_1_32' title="bbox 206 3286 1199 3365; baseline 0 -17"><span class='ocrx_word' id='word_1_246' title='bbox 206 3300 316 3348; x_wconf 90' lang='lat' dir='ltr'>trorum</span> <span class='ocrx_word' id='word_1_247' title='bbox 330 3288 620 3364; x_wconf 40' lang='lat' dir='ltr'>impetumvtardaret,</span> <span class='ocrx_word' id='word_1_248' title='bbox 639 3286 850 3364; x_wconf 85' lang='lat' dir='ltr'>praeduxerant</span> <span class='ocrx_word' id='word_1_249' title='bbox 864 3287 941 3348; x_wconf 87' lang='lat' dir='ltr'>Galli</span> <span class='ocrx_word' id='word_1_250' title='bbox 959 3297 1048 3365; x_wconf 89' lang='lat' dir='ltr'>atque</span> <span class='ocrx_word' id='word_1_251' title='bbox 1062 3287 1199 3348; x_wconf 86' lang='lat' dir='ltr'>inferiore</span> 
     </span>
     <span class='ocr_line' id='line_1_33' title="bbox 205 3385 1198 3464; baseline 0.003 -21"><span class='ocrx_word' id='word_1_252' title='bbox 205 3387 288 3444; x_wconf 93' lang='lat' dir='ltr'>omni</span> <span class='ocrx_word' id='word_1_253' title='bbox 316 3385 409 3461; x_wconf 87' lang='lat' dir='ltr'>spatio</span> <span class='ocrx_word' id='word_1_254' title='bbox 430 3403 523 3444; x_wconf 90' lang='lat' dir='ltr'>vacuo</span> <span class='ocrx_word' id='word_1_255' title='bbox 542 3385 642 3444; x_wconf 86' lang='lat' dir='ltr'>relicto</span> <span class='ocrx_word' id='word_1_256' title='bbox 668 3386 845 3462; x_wconf 88' lang='lat' dir='ltr'>superiorem</span> <span class='ocrx_word' id='word_1_257' title='bbox 866 3396 978 3462; x_wconf 87' lang='lat' dir='ltr'>partem</span> <span class='ocrx_word' id='word_1_258' title='bbox 999 3386 1080 3446; x_wconf 91' lang='lat' dir='ltr'>collis</span> <span class='ocrx_word' id='word_1_259' title='bbox 1104 3405 1198 3464; x_wconf 88' lang='lat' dir='ltr'>usque</span> 
     </span>
     <span class='ocr_line' id='line_1_34' title="bbox 205 3482 1198 3578; baseline 0.008 -38"><span class='ocrx_word' id='word_1_260' title='bbox 205 3482 243 3540; x_wconf 90' lang='lat' dir='ltr'>ad</span> <span class='ocrx_word' id='word_1_261' title='bbox 256 3501 372 3565; x_wconf 80' lang='lat' dir='ltr'>murum</span> <span class='ocrx_word' id='word_1_262' title='bbox 389 3483 491 3560; x_wconf 91' lang='lat' dir='ltr'>oppidi</span> <span class='ocrx_word' id='word_1_263' title='bbox 508 3484 687 3572; x_wconf 84' lang='lat' dir='ltr'>densissimis</span> <span class='ocrx_word' id='word_1_264' title='bbox 704 3483 804 3546; x_wconf 86' lang='lat' dir='ltr'>castris</span> <span class='ocrx_word' id='word_1_265' title='bbox 821 3485 1045 3578; x_wconf 70' lang='lat' dir='ltr'>compleverant</span> <span class='ocrx_word' id='word_1_266' title='bbox 1088 3485 1198 3548; x_wconf 90' lang='lat' dir='ltr'>Milites</span> 
     </span>
    </p>
   </div>
   <div class='ocr_carea' id='block_1_3' title="bbox 0 0 1348 3910">
    <p class='ocr_par' dir='ltr' id='par_1_3' title="bbox 0 0 1348 3910">
     <span class='ocr_line' id='line_1_35' title="bbox 0 0 1348 3910; baseline 0 1"><span class='ocrx_word' id='word_1_267' title='bbox 0 0 1348 3910; x_wconf 95' lang='lat' dir='ltr'> </span> 
     </span>
    </p>
   </div>
  </div>
 </body>
</html>
