2650 3918
221 209 281 262 102
541 209 569 259 0.
592 211 609 258 Ι
611 209 687 256 ULII
708 165 879 257 cassinis
1178 203 1211 253 V'.

216 359 356 419 liberandi
373 368 457 436 atque
474 357 631 418 ulciscendi
651 359 803 418 Romanos
819 375 874 435 pro
891 357 934 429 iis,
949 373 1021 434 quas
1038 355 1212 431 acceperint,

216 458 326 517 iniuriis
347 459 533 517 occasionem
555 458 716 517 dimittant:
739 457 904 516 interfectos
926 473 989 514 esse
1006 454 1117 530 legatos
1137 454 1212 512 duos

216 574 413 634 magnamque
439 567 551 634 partem
580 547 721 616 exercitus
749 555 897 616 interisse
911 553 1104 623 demonstran
1140 551 1212 610 nihil
1244 589 1248 600 ‹

217 673 282 716 esse
298 657 407 732 negotii
424 657 519 716 subito
534 673 706 731 oppressam
723 654 875 745 legionem,
891 671 981 755 quae
984 669 1052 714 cum
1067 650 1211 712 Cicerone

188 763 202 813 5
217 753 331 826 hiemet,
342 753 479 826 interfici3
500 773 531 812 se
542 753 579 811 ad
590 771 655 812 eam
668 771 730 810 rem
741 735 855 828 profitet
855 770 890 809 ur
904 713 1072 813 adiutofem..
1114 748 1211 811 Facile

216 853 270 912 hac
282 853 413 912 oratione
424 853 538 911 Nerviis
549 852 711 928 persuadet.
740 858 795 910 39.
806 851 910 927 Itaque
920 848 1073 910 confestim
1085 847 1211 907 dimissis

215 951 323 1010 nuntiis
347 952 384 1010 ad
408 949 578 1020 Ceutrones,
601 948 737 1020 Gmdios,
759 947 899 1019 Levacos,
925 947 1120 1018 Pleumoxios,
1142 947 1211 1006 Gei-

216 1050 350 1122 dumnos,
366 1050 415 1126 qui
429 1067 531 1107 omnes
551 1050 606 1108 sub
620 1066 722 1106 eorum
738 1047 859 1122 imperio
877 1055 952 1117 sunt,
967 1064 1055 1122 quam
1068 1046 1212 1104 maximas

217 1167 322 1207 manus
340 1158 462 1225 possunt
480 1157 588 1223 cogunt
603 1156 631 1206 et
646 1147 682 1205 de
699 1147 856 1222 improviso
870 1146 908 1203 ad
922 1143 1072 1204 Ciceronis
1090 1143 1213 1204 hiberna

174 1277 204 1312 10
217 1247 360 1317 advolant,
382 1246 514 1305 nondum
539 1245 576 1304 ad
600 1264 668 1304 eum
688 1245 766 1303 fama
791 1244 826 1303 de
853 1243 956 1304 Titurii
975 1253 1068 1305 morte
1091 1244 1211 1319 perlata.

216 1344 295 1403 Huic
314 1363 432 1421 quoque
451 1344 563 1416 accidit,
578 1345 658 1421 quod
677 1344 730 1403 fuit
748 1361 878 1413 necesse,
897 1351 929 1402 ut
947 1340 1078 1402 nonnulli
1096 1341 1211 1408 milites.

216 1443 265 1520 qui
290 1443 455 1519 lignationis
479 1443 706 1519 munitionisque
727 1459 815 1501 causa
838 1443 869 1500 in
894 1441 977 1502 silvas
1002 1439 1209 1518 discessissent,

215 1542 367 1616 repentino
399 1541 528 1617 equitum
560 1540 685 1599 adventu
716 1541 959 1617 interciperentur.
1001 1537 1057 1602 His
1088 1540 1211 1598 circum-

216 1639 307 1698 ventis
321 1657 429 1716 magna
443 1657 533 1697 manu
546 1638 710 1709 Eburones,
725 1638 833 1712 Nervii,
847 1637 992 1700 Aduatuci
1005 1648 1091 1714 atque
1105 1637 1211 1698 horum

174 1765 201 1815 15
216 1737 347 1796 omnium
380 1737 451 1796 socii
480 1747 507 1797 et
535 1737 654 1796 clientes
685 1738 831 1815 legionem
859 1755 1029 1814 oppugnare
1060 1736 1209 1812 incipiunt.

216 1836 316 1896 Nostri
344 1837 471 1896 celeriter
498 1836 536 1895 ad
561 1855 641 1896 anna
666 1846 848 1909 concurrunt,
872 1837 978 1899 vallum
1002 1835 1211 1894 conscendunt

216 1935 347 2011 Aegre
339 1953 364 1994 rs
392 1935 454 1994 dies
480 1943 662 2006 sustentatur,
688 1934 787 2039 quod
796 1952 916 2036 omnem
926 1951 1026 2048 §spem
1053 1932 1189 1992 hostes
1181 1951 1214 1992 ιιι

216 2033 358 2092 celeritate
372 2035 522 2110 ponebant
533 2043 620 2109 atque
634 2032 710 2091 hanc
722 1997 818 2108 adepti
833 2005 1002 2092 vrctonam
995 2051 1024 2092 ιιι
1038 2042 1214 2108 perpetuum

217 2151 248 2192 se
269 2131 330 2190 fore
354 2133 475 2194 victores
497 2130 691 2191 confidebant.
732 2137 787 2190 40.
808 2130 962 2191 Mittuntur
989 2129 1027 2190 ad
1054 2128 1212 2190 Caesarem

173 2264 204 2299 20
217 2230 369 2289 confestim
393 2231 430 2288 ab
455 2228 597 2290 Cicerone
622 2229 730 2286 litterae
755 2230 869 2305 magnis
889 2229 1045 2305 propositis
1066 2228 1211 2304 praemiis,

218 2329 241 2386 si
265 2329 465 2404 pertulissent:
437 2329 623 2387 tobsessis
643 2329 779 2386 omnibus
803 2329 869 2386 viis
879 2327 960 2388 missi
983 2327 1212 2403 intercipiuntur

218 2425 315 2484 Noctu
336 2445 373 2485 ex
397 2427 523 2513 materia,
545 2445 633 2502 quam
653 2426 820 2484 munitionis
842 2444 930 2486 causa
950 2434 1210 2502 comportaverant,

218 2536 309 2585 turres
330 2488 489 2585 admoddm
510 2542 570 2584 cxx
592 2495 752 2584 excifafrtur
772 2526 931 2586 incredibili
953 2525 1112 2598 celeritate;
1135 2541 1211 2602 quae

219 2625 320 2684 deesse
344 2625 425 2702 operi
448 2626 625 2696 videbantur,
648 2625 842 2701 perficiuntur
884 2624 995 2684 Hostes
1019 2633 1139 2700 postero
1164 2624 1214 2683 die

175 2749 204 2799 05
218 2723 309 2785 multo
337 2724 493 2783 maioribus
520 2723 629 2781 coactis
657 2725 748 2799 copiis
772 2733 866 2782 castra
892 2732 1075 2800 oppugnant,
1099 2722 1212 2804 fossam

218 2823 375 2899 complent.
416 2819 528 2880 Eadem
547 2823 691 2930 ‘²5be
706 2841 745 2879 ua
763 2822 863 2898 pridie,
883 2823 920 2880 ab
940 2822 1047 2882 nostris
1063 2822 1210 2880 resistitur.

219 2919 288 2979 Hoc
302 2921 380 2979 idem
398 2921 566 2998 reliquise
531 2892 673 2996 diffrf'beps'
681 2841 726 2979 ἐι
707 2899 838 2978 diebus.
881 2919 969 2978 Nulla
989 2938 1056 2996 pars
1077 2920 1212 2978 nocturni

117 3025 120 3035 '
219 3021 358 3097 temporis
383 3019 420 3079 ad
445 3021 573 3078 laborem
598 3019 806 3090 intermittitur3
831 3036 892 3076 non
916 3009 951 3077 a'e
996 3037 1019 3090 s,
1044 3035 1104 3078 non
1128 3018 1212 3076 vuln-

220 3121 304 3180 eratis
335 3118 455 3177 facultas
486 3117 589 3194 quietis
625 3117 716 3175 datur.
768 3115 979 3193 Quaecumque
1014 3116 1051 3174 ad
1085 3117 1213 3192 proximi

177 3241 207 3289 30
221 3219 277 3278 diei
296 3218 544 3313 oppugnatiopem
561 3234 636 3291 opus
658 3225 732 3286 sunt,
752 3225 842 3274 noctu
863 3224 1084 3292 comparantur,
1034 3215 1215 3274 mmultae

220 3318 369 3394 praeustae
392 3315 477 3374 sudes
479 3333 625 3391 ,magnus
645 3313 797 3424 muraliurp
818 3313 944 3428 pilorum
964 3329 1107 3394 numerus
1067 3313 1215 3470 ὃΐὶ(ινῖειὶι-

221 3417 311 3474 uitur:
341 3425 433 3474 turres
458 3413 646 3474 contabulant
635 3424 688 3484 tur,
709 3378 816 3488 pinnae
839 3377 1003 3487 lo’fl'caeque
1027 3430 1064 3470 ex
1081 3382 1136 3470 cra
1150 3413 1216 3473 ibus

215 3521 391 3605 et,texuntur
433 3513 500 3591 Ipse
522 3513 635 3584 Cicero,
657 3529 725 3570 cum
748 3511 916 3570 tenuissima
939 3509 1102 3571 valetudine
1127 3523 1215 3587 esset,
