2650 3918
164 183 241 257 ,80
412 251 414 256 ,
531 201 559 248 o.
582 201 676 248 marr
696 199 869 250 caussam
1069 199 1071 204 ’
1150 202 1195 248 rr.

200 350 375 410 conferebat
388 361 416 410 et
441 370 515 428 quae
539 353 708 428 gravissime
729 353 852 416 afflictae
873 362 954 410 erant
975 369 1073 422 naves
1094 369 1196 410 earum

199 451 320 509 materia
335 461 422 528 atque
441 469 507 512 aere
526 452 564 511 ad
584 453 708 529 reliquas
728 453 899 512 reficiendas
918 453 1050 510 utebatur
1071 460 1099 508 et
1120 468 1195 526 quae

199 550 237 610 ad
265 568 314 608 eas
342 568 388 609 res
416 560 498 609 erant
524 551 589 610 usui
616 571 653 610 ex
680 552 841 611 continenti
869 550 1048 628 comportari,
1068 549 1194 608 iubebat.

199 649 310 726 Itaque,
341 668 409 708 cum
444 668 560 710 summo
595 650 691 710 studio
726 670 743 710 a
774 651 910 711 militibus
941 650 1194 719 administraretur,

170 749 356 808 5duodecim
383 749 505 808 navibus
529 750 651 822 amissis
676 750 793 827 reliquis
821 760 853 810 ut
880 749 1008 826 navigari
1036 745 1194 807 commode

198 819 306 924 phisi‘t,
328 827 460 906 effecit.)
473 854 525 908 32.
547 847 627 908 Dum
649 867 684 908 ea
706 859 852 926 gematur,
873 848 986 925 legione
1007 865 1044 904 ex
1069 863 1194 904 consue-

198 947 299 1006 tudine
319 965 378 1004 uua
398 945 604 1006 frumentatum
625 948 723 1019 missa,
746 967 820 1025 quae
842 946 1039 1024 appellabatur
1058 946 1193 1021 septima,

197 1065 293 1123 neque
313 1047 371 1104 ulla
391 1045 430 1104 ad
454 1046 484 1105 id
504 1055 619 1122 tempus
642 1046 710 1106 belli
734 1048 900 1125 suspicione
924 1045 1100 1122 interposita,
1124 1063 1193 1103 eum

197 1163 264 1222 pars
292 1145 444 1202 hominum
471 1144 502 1202 in
529 1145 611 1221 agris
633 1155 803 1218 remaneret,
831 1163 898 1223 pars
926 1145 1013 1203 etiam
1040 1144 1071 1202 in
1098 1153 1194 1202 castra

154 1261 185 1296 10
197 1244 355 1312 ventitaret,
379 1243 407 1313 ii,
431 1243 481 1319 qui
509 1261 563 1321 pro
587 1245 679 1321 portis
707 1254 869 1303 castrorum
895 1243 925 1301 in
952 1243 1075 1301 statione
1100 1250 1193 1313 erant,

198 1342 316 1403 Caesari
336 1342 538 1400 nuntiaverunt
558 1341 706 1418 pulverem
729 1343 878 1414 maiorem,
900 1360 989 1418 quam
1009 1341 1192 1402 consuetudo

196 1441 290 1510 ferret,
304 1440 335 1497 in
351 1458 387 1498 ea
403 1449 484 1516 parte
500 1441 599 1513 videri,
617 1460 706 1518 quam
723 1442 755 1499 in
773 1450 886 1518 partem
904 1441 981 1516 legio
1000 1440 1053 1498 iter
1066 1439 1191 1499 lecisset.

196 1537 305 1598 Caesar
332 1539 371 1612 id,
395 1540 569 1616 quoderat,
595 1541 765 1616 suspicatus
791 1539 899 1617 aliquid
926 1539 994 1597 novi
1021 1557 1039 1596 a
1062 1539 1192 1596 barbaris

100 1720 101 1726 ἵ
193 1605 604 1742 irrituiiisp‘ibnpili'ihcohortes,
626 1640 755 1716 quae-in
778 1638 951 1698 stationibus
975 1646 1066 1708 erant,
1088 1655 1192 1696 secum

151 1751 180 1800 15
194 1737 225 1794 in
252 1755 318 1798 eam
345 1704 384 1814 pia
410 1707 464 1796 effi
485 1738 638 1813 proficisci,
667 1757 704 1797 ex
731 1737 848 1813 reliquis
875 1736 948 1794 duas
976 1736 1007 1793 in
1034 1736 1192 1794 stationem

193 1835 328 1894 cohortes
347 1836 514 1909 succedere,
526 1835 649 1912 reliquas
669 1837 774 1894 armari
792 1845 821 1894 et
835 1834 991 1894 confestim
1010 1851 1074 1892 sese
1089 1835 1191 1916 subse-

194 1934 243 2009 qui
257 1933 347 1993 iussit.
388 1932 466 1992 Cum
484 1933 571 2009 paulo
590 1933 706 2010 longius
726 1953 744 1992 a
762 1933 863 1992 castris
882 1932 1100 2010 processissent,
1118 1950 1191 1992 suos

193 2033 231 2090 ab
250 2031 382 2091 hostibus
402 2032 495 2107 premi
516 2041 603 2108 atque
622 2049 708 2108 aegre
729 2032 870 2090 sustinere
885 2041 913 2090 et
928 2029 1059 2089 conferta
1072 2016 1191 2105 legione

193 2151 229 2190 ex
250 2131 386 2190 omnibus
411 2130 545 2207 partibus
562 2130 619 2188 tela
639 2131 736 2188 conici
756 2129 963 2188 animadvertit.
1005 2127 1084 2186 Nam
1109 2129 1192 2204 quod

149 2245 180 2280 20
193 2230 276 2287 omni
297 2247 333 2286 ex
354 2227 470 2303 reliquis
490 2228 619 2304 partibus
641 2227 775 2287 demesso
795 2227 950 2286 frumento,
962 2211 1030 2302 p‘ars
1050 2245 1109 2286 una
1128 2238 1191 2287 erat

83 2365 86 2372 ,
193 2329 309 2404 reliqua,
324 2327 461 2401 suspicati
480 2325 579 2385 hostes
598 2327 655 2390 huc
674 2337 790 2386 nostros
810 2345 874 2386 esse
894 2334 1030 2384 venturos
1049 2335 1140 2384 noctu
1157 2327 1189 2385 in

193 2425 269 2483 silvis
289 2423 477 2496 delituerant;
499 2435 560 2480 tum
580 2423 728 2500 dispersos
748 2425 887 2500 depositis
901 2424 987 2482 armis
1004 2423 1035 2480 in
1048 2425 1189 2484 metendo

192 2530 353 2597 occupatos
377 2521 472 2592 subito
498 2521 591 2579 adorti
615 2523 715 2597 paucis
740 2521 897 2582 interfectis
921 2521 1047 2598 reliquos
1070 2522 1189 2582 incertis

192 2619 342 2678 ordinibus
379 2620 623 2695 perturbaverant,
661 2621 747 2679 simul
783 2623 912 2698 equitatu
952 2631 1038 2698 atque
1076 2622 1188 2680 essedis

148 2735 177 2785 25
192 2716 448 2775 circumdederant.
489 2723 540 2777 33.
563 2717 666 2776 Genus
697 2719 754 2778 hoc
786 2729 829 2778 est
860 2739 896 2778 ex
924 2719 1034 2778 essedis
1059 2738 1186 2796 pugnae.

192 2815 290 2873 Primo
304 2834 356 2891 per
375 2833 479 2874 omnes
493 2825 590 2892 partes
604 2819 788 2894 perequitant
807 2826 837 2876 et
856 2817 913 2904 tela
932 2818 1079 2876 coniciunt
1098 2827 1185 2895 atque

190 2915 255 2989 ipso
275 2923 383 2972 terrore
402 2932 545 2991 equorum
560 2923 590 2973 et
606 2915 727 2991 strepitu
740 2926 868 2974 rotarum
883 2915 1001 2974 ordines
1015 2916 1186 2992 plerumque

191 3013 366 3086 perturbant,
388 3023 505 3072 etcum
527 3032 558 3072 se
582 3015 655 3072 inter
680 3013 809 3090 equitum
830 3023 938 3072 turmas
960 3015 1185 3087 insinuaverunt,

190 3127 227 3166 ex
241 3108 351 3168 essedis
368 3111 502 3170 desiliunt
515 3122 544 3171 et
557 3112 682 3189 pedibus
696 3112 881 3189 proeliantur.
922 3112 1047 3188 Aurigae
1067 3112 1186 3172 interim

146 3227 178 3274 30
191 3207 327 3280 paulatim
352 3227 388 3266 ex
416 3211 527 3284 proelio
552 3209 697 3269 excedunt
725 3221 812 3286 atque
840 3211 879 3270 ita
906 3229 1006 3269 currus
1030 3209 1185 3284 collocant,

190 3313 229 3372 ut,
251 3304 276 3362 si
299 3304 339 3362 illi
362 3324 380 3363 a
399 3307 581 3366 multitudine
605 3309 733 3366 hostium
757 3320 932 3385 premantur,
953 3310 1123 3384 expeditum
1147 3311 1187 3370 ad

190 3415 258 3456 suos
281 3413 433 3479 receptum
456 3405 589 3464 habeant.
631 3407 675 3464 Ita
697 3407 888 3467 mobilitatem
911 3408 1050 3484 equitum,
1076 3409 1186 3466 stabili-

189 3502 276 3552 tatem
295 3500 427 3573 peditum
445 3504 475 3561 in
492 3505 609 3580 proeliis
623 3516 777 3580 praestant,
791 3525 825 3565 ac
840 3515 951 3566 tantum
965 3523 1021 3564 usu
1035 3506 1185 3566 cotidiano
