2686 3910
155 209 291 272 10—14.
379 207 425 253 ua
447 208 557 255 astro
582 207 734 255 clearco
758 205 868 255 contu.
899 207 974 256 urit.
1092 189 1150 274 189

149 356 245 415 dianis
265 357 394 432 equitum
414 367 580 417 nostrorum
595 359 773 416 silvestribus
793 358 865 417 locis
884 357 1004 416 insidias
1026 356 1149 431 dispon-

150 465 203 512 unt
231 456 396 532 eodemque
424 457 535 532 equites
564 467 683 532 postero
712 455 759 514 die
787 457 911 527 mittunt,
940 456 990 531 qui
1019 456 1149 531 primum

151 553 286 613 elicerent
327 565 453 627 nostros,
502 554 608 614 deinde
650 555 864 614 circumventos
911 555 1148 631 aggrederentur.

151 649 242 710 Cuius
270 653 336 710 mali
361 671 424 711 sors
451 652 553 711 incidit
577 652 689 722 RemiS,
713 654 819 728 quibus
846 653 894 711 ille
922 653 985 710 dies
1008 651 1149 726 fungendi

150 751 278 808 muneris
313 752 478 810 obvenerat.
521 750 657 828 Namque
692 751 730 821 hi,
766 769 833 810 cum
868 761 987 828 repente
1020 750 1177 810 hostiumt

150 848 262 934 equites
300 850 574 909 animadvertissent
611 869 644 908 ac
685 868 809 909 numero
845 851 1012 927 superiores
1048 849 1148 924 pauci·

149 956 240 1005 tatem
261 949 515 1024 contempsissent,
538 948 671 1024 cupidius
693 949 815 1007 insecuti
845 949 992 1024 peditibus
1019 947 1148 1022 undique

150 1055 218 1103 sunt
255 1046 432 1107 circumdati.
483 1045 553 1118 Quo
582 1046 659 1105 facto
693 1048 851 1123 perturbati
886 1046 1017 1116 celerius,
1058 1062 1148 1121 quam

149 1144 333 1203 consuetudo
352 1144 406 1203 fert
421 1145 561 1222 equestris
583 1145 693 1221 proelii,
714 1163 745 1204 se
766 1155 937 1220 receperunt
951 1145 1060 1203 amisso
1075 1143 1148 1201 Ver-

148 1242 235 1312 tisco‚
265 1243 398 1318 principe
428 1244 558 1314 civitatis,
586 1243 734 1318 praefecto
753 1244 902 1320 equitum3
942 1244 992 1319 qui
1019 1261 1087 1300 cum
1101 1243 1149 1299 vix
1166 1260 1195 1296 ιο

147 1357 227 1417 equo
248 1351 368 1417 propter
385 1352 511 1401 aetatem
531 1352 632 1418 posset
648 1343 699 1413 uti,
721 1351 820 1400 tamen
840 1341 1049 1400 consuetudine
1069 1340 1148 1399 Gall-

148 1456 233 1496 orum
254 1457 348 1515 neque
370 1441 472 1499 aetatis
494 1441 682 1506 excusatione
703 1441 734 1497 in
758 1439 946 1516 suscipienda
970 1437 1149 1514 praefectura

147 1555 218 1595 usus
239 1548 300 1596 erat
318 1557 414 1616 neque
430 1539 559 1598 dimicari
577 1539 640 1597 sine
664 1556 696 1596 se
717 1538 854 1596 voluerat.
899 1535 1040 1595 Inflantur
1061 1545 1149 1612 atque

147 1637 304 1695 incitantur
323 1638 450 1697 hostium
472 1639 561 1696 animi
582 1639 713 1697 secundo
732 1637 853 1712 proelio,
873 1638 1004 1712 principe
1023 1648 1052 1695 et
1066 1655 1149 1712 prae-

147 1713 405 1794 secto'Remorum
419 1737 581 1807 interfect0,
596 1737 746 1812 nostrique
762 1735 938 1794 detrimento
953 1735 1193 1808 admonentur15

147 1833 313 1910 diligentius
326 1836 481 1912 exploratis
496 1837 568 1895 locis
591 1837 731 1894 stationes
746 1835 900 1910 disponere
921 1853 955 1892 ac
970 1833 1149 1892 moderatius

147 1932 300 1992 cedentem
327 1935 440 2012 insequi
468 1936 592 1994 hostem.
646 1940 692 1994 13.
716 1933 786 1992 Non
814 1933 1006 1991 intermittunt
1033 1931 1148 1989 interim

146 2030 292 2090 cotidiana
308 2033 418 2108 proelia
430 2036 467 2091 'in
486 2043 650 2110 conspectu
671 2042 860 2108 utrorumque
879 2040 1050 2101 castrorum,
1072 2047 1147 2105 quae

146 2128 184 2187 ad
214 2131 289 2188 vada
323 2133 516 2208 transitusque
551 2132 659 2190 fiebant
693 2129 815 2207 paludis.
858 2129 926 2200 Qua
961 2129 1148 2190 contentione

146 2226 295 2299 Germani,
326 2247 402 2305 quos
431 2240 587 2306 propterea
612 2229 721 2288 Caesar
748 2228 913 2287 traduxerat
941 2227 1088 2299 Rhenum,
1116 2238 1147 2287 ut
1163 2252 1193 2288 ro

146 2327 290 2403 equitibus
306 2328 468 2405 interpositi
489 2329 706 2406 proeliarentur,
730 2346 797 2387 cum
817 2327 998 2386 constantius
1020 2327 1147 2386 universi

145 2425 282 2502 paludem
303 2427 473 2486 transissent
493 2429 653 2503 paucisque
674 2428 875 2486 resistentibus
897 2425 1055 2484 interfectis
1081 2445 1145 2502 per·

144 2524 267 2582 tinacius
284 2524 424 2600 reliquam
439 2525 652 2584 multitudinem
667 2536 764 2584 essent
778 2526 910 2595 insecuti,
925 2526 1066 2600 perterriti
1081 2543 1143 2583 non

145 2624 241 2681 solum
268 2624 296 2694 ii,
325 2625 374 2700 qui
403 2634 452 2682 aut
484 2626 650 2683 comminus
684 2626 923 2701 opprimebantur
951 2633 1001 2682 aut
1028 2624 1143 2683 eminus

144 2724 375 2795 vulnerabantur,
395 2725 447 2782 sed
467 2724 564 2796 etiam,
581 2725 631 2800 qui
648 2725 764 2799 longius
783 2723 934 2782 subsidiari
956 2734 1144 2794 consuerant,
1162 2741 1190 2796 ²5

144 2822 266 2897 turpiter
292 2822 459 2898 refugerunt
487 2840 542 2880 nec
567 2823 646 2898 prius
672 2823 761 2880 finem
785 2822 873 2898 fugae
897 2822 1029 2881 fecerunt
1057 2839 1145 2898 saepe

144 2920 260 2980 amissis
286 2921 481 2996 superioribus
505 2921 587 2991 locis,
613 2938 702 2996 quam
727 2939 757 2979 se
783 2931 832 2979 aut
852 2921 883 2979 in
904 2929 999 2979 castra
1025 2937 1146 2978 suorum

144 3019 319 3094 reciperent,
338 3030 387 3077 aut
408 3019 540 3078 nonnulli
563 3018 674 3095 pudore
697 3018 791 3077 coacti
812 3020 928 3095 longius
947 3018 1145 3095 profugerent.

143 3115 280 3188 Quorum
301 3117 429 3193 periculo
448 3118 489 3176 sic
504 3134 609 3175 omnes
631 3118 733 3192 copiae
753 3127 820 3176 sunt
841 3118 1032 3192 perturbatae,
1053 3124 1083 3173 ut
1097 3116 1145 3172 vix

143 3216 262 3275 iudicari
283 3226 390 3290 posset,
411 3225 509 3273 utrmn
531 3215 666 3274 secundis
691 3216 989 3292 minimisque'rebus
1014 3213 1145 3271 insolen·
1160 3235 1193 3286 30

145 3314 243 3386 tiores,
273 3333 310 3372 an
339 3314 461 3373 adverso
487 3315 630 3373 mediocri
658 3333 729 3374 casu
757 3314 917 3373 timidiores
947 3322 1053 3372 essent.
1095 3317 1144 3372 14.

144 3412 351 3489 Compluribus
365 3414 467 3473 diebus
482 3413 576 3471 isdem
594 3414 625 3471 in
646 3414 745 3472 castris
767 3411 956 3486 consumptis,
972 3428 1039 3468 cum
1056 3428 1145 3486 prop-

143 3512 187 3570 ius
226 3513 383 3572 accessisse
417 3513 550 3588 legiones
588 3522 617 3571 et
653 3511 761 3570 Gaium
795 3509 979 3570 Trebonium
1016 3509 1145 3585 legatum
