2650 3918
202 177 263 242 128
519 193 548 244 e.
570 193 660 241 roan
683 191 864 242 erasurus.
1147 189 1194 243 vr.

199 341 342 419 reliquum
374 344 532 404 exercitum
564 344 701 422 subsequi
729 345 867 416 crederet,
896 343 1017 402 dubium
1046 351 1106 414 est;
1142 339 1197 400 sed

200 452 277 500 certe
306 442 431 501 dimissis
459 462 511 519 per
538 461 624 520 agros
653 443 760 502 nuntiis
788 443 843 501 sibi
872 459 1017 519 quemque
1042 439 1194 500 consulere

198 538 288 597 iussit.
331 538 465 611 Quorum
489 558 555 616 pars
579 540 610 598 in
633 540 824 599 Arduennam
848 540 956 611 silvam,
977 558 1045 616 pars
1068 540 1099 596 iu
1122 556 1194 598 con-

198 638 323 696 tinentes
347 638 467 714 paludes
491 637 635 714 profugit,
661 638 710 714 qui
731 637 856 714 proximi
877 637 997 697 Oceano
1018 637 1142 708 fuerunt,
1163 635 1196 694 hi

124 770 125 774 =
171 735 299 809 5insulis
324 755 389 794 sese
410 737 633 807 occultaverunt,
655 753 727 812 quas
748 745 844 794 aestus
866 735 977 794 efficere
999 744 1192 794 consuerunt:

199 834 281 892 multi
303 853 338 892 ex
363 835 422 892 suis
443 835 547 892 finibus
569 834 677 910 egressi
701 852 733 892 se
756 852 866 911 suaque
889 834 989 892 omnia
1012 833 1193 892 alienissimis

199 931 389 990 crediderunt.
433 931 614 1003 Catuvolcus,
642 951 692 990 rex
725 931 861 990 dimidiae
891 931 980 1008 partis
1011 930 1194 1000 Eburonum,

199 1031 249 1105 qui
270 1048 329 1088 una
350 1047 418 1088 cum
438 1029 608 1106 Ambiorige
628 1029 781 1088 consilium
801 1029 910 1100 inierat,
932 1038 1024 1087 aetate
1044 1028 1103 1086 iam
1122 1045 1193 1088 con-

199 1127 290 1187 fectus
304 1145 372 1185 cum
386 1128 515 1185 laborem
530 1127 596 1185 belli
610 1137 660 1185 aut
674 1126 760 1204 fugae
773 1127 847 1186 serre
860 1144 922 1185 non
935 1135 1044 1202 posset,
1055 1126 1193 1184 omnibus

156 1251 186 1286 10
198 1227 332 1302 precibus
363 1213 520 1284 detestatus
548 1226 757 1302 Ambiorigem,
786 1226 836 1302 qui
864 1225 924 1284 eius
952 1224 1063 1284 consilii
1090 1232 1195 1282 auctor

198 1324 305 1395 fuisset,
333 1333 412 1395 tax0,
440 1324 521 1382 cuius
548 1342 657 1400 magna
683 1324 714 1381 in
742 1323 835 1383 Gallia
864 1323 1078 1402 Germaniaque
1106 1322 1193 1397 copia

197 1430 250 1490 est,
276 1439 306 1479 se
334 1422 514 1480 exanimavit.
557 1427 608 1480 32.
632 1420 720 1496 Segni
749 1420 954 1498 Condrusique
983 1439 1019 1480 ex
1046 1429 1134 1496 gente
1161 1428 1191 1479 et

198 1537 320 1578 numero
335 1519 557 1591 Germanorum,
573 1520 622 1597 qui
640 1529 705 1579 sunt
719 1520 791 1577 inter
808 1519 962 1578 Eburones
979 1518 1192 1594 Treverosque,

179 1616 308 1694 'legatos
333 1617 371 1676 ad
396 1617 551 1678 Caesarem
575 1620 714 1677 miserunt
738 1628 859 1689 oratum,
884 1636 921 1676 ne
946 1635 977 1676 se
1005 1618 1036 1675 in
1062 1617 1191 1676 hostium

154 1737 183 1786 15
198 1733 319 1774 numero
351 1715 468 1775 duceret
500 1736 573 1776 neve
600 1717 732 1776 omnium
760 1715 983 1788 Germanorum,
1011 1716 1061 1791 qui
1092 1723 1192 1774 esseut

197 1813 267 1871 citra
295 1812 441 1886 Rhenum,
465 1833 555 1873 unam
579 1833 643 1874 esse
672 1833 790 1874 causam
818 1815 971 1873 iudicaret:
1003 1813 1073 1870 nihil
1098 1831 1129 1872 se
1153 1813 1191 1872 de

196 1909 273 1968 bello
302 1912 453 1987 cogitasse,
482 1913 561 1972 nulla
591 1912 752 1986 Ambiorigi
784 1912 888 1970 auxilia
918 1912 1039 1970 misisse.
1082 1911 1192 1970 Caesar

196 2009 345 2085 explorata
363 2029 394 2068 re
414 2013 581 2088 quaestione
595 2011 782 2087 captivorum,
798 2011 821 2069 si
841 2011 891 2087 qui
910 2011 948 2068 ad
966 2026 1017 2067 eos
1035 2009 1190 2068 Eburones

196 2126 233 2166 ex
253 2108 324 2186 fuga
345 2112 555 2183 convenissent,
578 2099 614 2170 ad
635 2129 666 2170 se
688 2120 719 2169 ut
739 2110 950 2178 reducerentur,
970 2110 1137 2184 imperavit:
1165 2110 1192 2170 si

153 2229 183 2264 πο
196 2207 235 2266 ita
263 2207 408 2281 fecissent,
436 2210 509 2268 fines
537 2227 638 2268 eorum
673 2227 705 2268 se
739 2207 910 2266 violaturum
941 2208 1065 2284 negavit.
1107 2209 1189 2267 Tum

197 2305 287 2380 copiis
309 2307 340 2363 in
364 2307 414 2365 tris
438 2317 534 2382 partes
559 2306 714 2365 distributis
739 2306 946 2381 impedimenta
970 2305 1104 2363 omnium
1126 2305 1188 2381 leg-

196 2404 297 2460 ionum
318 2403 502 2462 Aduatucam
526 2404 654 2462 contulit.
696 2403 732 2462 Id
756 2403 864 2462 castelli
888 2421 998 2462 nomen
1023 2412 1074 2462 est.
1116 2402 1188 2462 Hoc

195 2499 255 2558 fere
279 2510 324 2560 est
351 2502 381 2559 in
407 2502 509 2561 mediis
533 2501 706 2560 Eburonum
733 2501 847 2572 finibus,
872 2503 923 2559 ubi
947 2501 1077 2560 Titurius
1101 2513 1188 2578 atque

194 2597 407 2658 Aurunculeius
444 2599 589 2657 hiemandi
627 2618 714 2658 causa
751 2599 950 2658 consederant.
994 2599 1085 2658 Hunc
1119 2618 1188 2658 eum

151 2717 180 2765 25
195 2695 311 2770 reliquis
339 2698 425 2756 rebus
451 2698 548 2756 locum
576 2699 721 2774 probarat,
746 2707 808 2758 tum
832 2698 913 2773 quod
941 2699 1095 2775 superioris
1118 2699 1188 2756 anni

194 2796 371 2854 munitiones
391 2798 518 2872 integrae
539 2797 704 2868 manebant,
726 2807 757 2854 ut
780 2796 903 2854 militum
922 2796 1053 2856 laborem
1074 2796 1188 2856 sublev-

194 2902 262 2952 aret.
314 2893 462 2954 Praesidio
489 2895 703 2970 impedimentis
734 2895 881 2970 legionem
909 2895 1188 2972 quartamdecimam

192 2991 314 3068 reliquit,
335 3011 424 3051 unam
449 3011 484 3052 ex
509 2995 553 3052 his
577 2993 675 3064 tribus,
697 3011 768 3070 quas
797 2994 929 3071 proxime
949 2995 1127 3071 conscriptas
1148 3014 1189 3055 ex

193 3089 276 3149 Italia
302 3091 473 3150 traduxerat.
515 3090 551 3149 Ei
574 3092 682 3168 legioni
706 3092 864 3169 castrisque
888 3092 1031 3166 Quintum
1056 3092 1188 3154 Tullium

149 3203 181 3253 30
195 3188 368 3249 Ciceronem
402 3190 530 3266 praeficit
572 3189 770 3266 ducentosque
811 3191 921 3268 equites
959 3193 1093 3251 attribuit.
1134 3199 1185 3254 33.

193 3285 301 3346 Partito
328 3288 455 3346 exercitu
485 3289 523 3348 T.
550 3287 714 3346 Labienum
742 3306 809 3346 cum
840 3290 1003 3365 legionibus
1030 3290 1120 3350 tribus
1148 3291 1188 3350 ad

194 3383 347 3444 Oceanum
367 3405 466 3445 versus
490 3387 520 3444 in
544 3405 594 3446 eas
618 3396 723 3463 partes
748 3406 823 3464 quae
850 3387 1006 3466 Menapios
1031 3389 1185 3466 attingunt,

193 3479 338 3554 proficisci
364 3486 459 3560 iubet;
496 3485 602 3547 Gaium
633 3486 815 3546 Trebonium
843 3505 910 3546 cum
940 3488 1003 3566 pari
1034 3488 1187 3565 legionum
