2650 3918
116 191 256 279 gia-38.
328 183 388 258 'aa
410 167 525 260 sarad
542 209 692 262 eacrroo
716 211 824 260 comu.
852 211 881 262 ν.
1049 214 1106 265 ιοι

115 353 253 438 Titurius,
275 379 342 424 cum
366 355 467 443 procul
494 368 695 444 Ambiorigem
720 367 1015 428 suos‘cohortantein
1040 370 1112 427 coni

115 464 265 539 spexisset,
296 466 481 542 interpretem
512 485 597 525 suurn
630 465 747 524 Gneum
775 466 948 542 Pompeium
975 468 1014 525 ad
1041 485 1110 524 eum

114 561 200 620 mittit
220 573 366 638 rogatum,
383 573 415 621 ut
437 565 490 622 sibi
511 565 705 639 militibusque
727 574 835 640 parcat.
877 565 929 624 Ille
947 565 1109 641 appellatus

114 661 281 735 respondit:
308 661 338 719 Si
357 662 423 720 velit
444 679 544 722 secum
565 662 700 738 colloqui,
722 663 822 735 licere;
847 681 963 738 sperare
984 682 1002 721 a
1021 663 1109 721 mult·

114 750 223 816 itudine
240 759 386 835 impetrari
403 779 500 836 posse,
515 760 594 837 quod
611 760 648 818 ad
666 760 788 818 militum
808 761 930 819 salutern
950 763 1090 838 pertineat
1098 767 1136 833 3⁵

8 907 9 914 ,
113 857 168 932 ipsi
189 875 258 915 vero
280 859 349 916 nihil
370 860 501 918 nocitum
522 860 563 930 iri,
585 860 673 935 inque
694 877 759 918 eam
780 863 842 918 rem
862 878 894 918 se
916 878 999 919 suam
1020 859 1108 919 fidem

112 945 305 1030 interponere.
324 971 325 974 ’
348 957 399 1016 Ille
414 975 482 1015 cum
497 956 584 1016 Cotta
598 957 697 1016 saucio
712 958 916 1029 communicat,
931 959 955 1017 si
968 958 1107 1029 videatur,

112 1071 212 1130 pugna
239 1063 271 1112 ut
299 1056 442 1115 excedant
467 1065 495 1114 et
520 1073 587 1114 cum
611 1055 781 1131 Ambiorige
805 1075 864 1116 una
888 1056 1106 1134 colloquantur:

112 1171 228 1230 sperare
253 1155 290 1212 ab
314 1172 351 1213 eo
376 1154 412 1214 de
437 1172 490 1212 sua
515 1171 548 1212 ac
573 1155 695 1211 militum
720 1153 811 1212 salute
838 1155 983 1230 impetrari
1010 1174 1106 1232 posse.

112 1252 199 1311 Cotta
230 1271 260 1310 se
285 1253 324 1310 ad
351 1261 493 1310 armatum
519 1251 636 1310 hostem
661 1253 768 1310 iturum
793 1262 881 1328 negat
905 1263 990 1331 atque
1017 1255 1047 1311 in
1071 1273 1108 1313 eo
1122 1269 1152 1320 ιο

110 1361 282 1427 perseverat.
323 1357 373 1412 37.
395 1351 519 1409 Sabinus
534 1369 609 1427 quos
622 1352 653 1408 in
667 1353 829 1427 praesentia
840 1353 971 1412 tribunos
984 1353 1107 1414 militum

110 1450 220 1508 circum
248 1468 280 1508 se
307 1448 433 1508 habebat
457 1459 486 1510 et
513 1449 672 1524 primorum
701 1449 835 1507 ordinum
864 1453 1047 1511 centuriones
1076 1471 1107 1512 se

111 1547 193 1624 sequi
212 1549 291 1606 iubet
312 1556 349 1618 et,
367 1565 434 1606 cum
454 1547 575 1623 propius
594 1545 797 1622 Ambiorigem
818 1550 994 1622 accessisset,
1012 1551 1106 1610 iussus

108 1665 190 1705 arma
222 1647 335 1706 abicere
365 1647 537 1724 imperatum
564 1645 633 1704 facit
664 1647 791 1721 suisque,
830 1657 862 1706 ut
882 1649 960 1707 idem
991 1649 1105 1721 faciant,

108 1747 239 1823 imperat.
281 1745 408 1816 Interim,
438 1744 508 1802 dum
536 1744 573 1803 de
600 1744 822 1804 condicionibus
853 1749 927 1805 inter
955 1765 987 1806 se
1015 1759 1106 1824 agunt
1122 1755 1149 1806 ι5

110 1845 284 1921 longiorque
299 1844 432 1902 consulto
447 1844 487 1901 ab
495 1842 666 1918 Ambiorige
681 1843 837 1902 instituitur
851 1862 956 1916 serm0,
968 1846 1105 1921 paulatim

108 1945 319 2002 circumventus
342 1942 519 2000 interficitur.
562 1940 642 1998 Tum
670 1959 738 1999 vero
767 1960 821 2000 suo
845 1961 927 2001 more
955 1943 1104 2003 victoriam

107 2042 294 2101 conclamant
320 2049 406 2117 atque
434 2040 575 2097 ululatum
603 2039 706 2097 tollunt
732 2040 901 2116 impetuque
929 2041 959 2098 in
988 2052 1104 2101 nostros

106 2141 183 2200 sacto
202 2140 321 2198 ordines
342 2140 517 2215 perturbant.
559 2136 605 2194 lbi
626 2136 733 2195 Lucius
755 2136 841 2196 Cotta
861 2156 996 2214 pugnans
1016 2139 1103 2197 inter-

106 2239 199 2297 ficitur
225 2256 293 2296 cum
320 2237 452 2295 maxima'
474 2245 555 2312 parte
579 2234 710 2292 militum.
753 2235 869 2313 Reliqui
897 2254 928 2295 se
955 2237 986 2294 in
1011 2247 1104 2296 castra
1119 2251 1149 2290 ao

105 2338 256 2412 recipiunt,
285 2335 364 2394 unde
392 2344 473 2394 erant
501 2333 618 2410 egressi.
660 2332 705 2390 Ex
737 2335 840 2410 quibus
868 2334 976 2393 Lucius
1004 2336 1103 2395 Petro-

105 2436 195 2496 sidius
213 2435 351 2512 aquilifer,
366 2453 434 2494 cum
448 2451 556 2510 magna
572 2431 753 2498 multitudine
771 2434 898 2493 hostium
916 2446 1101 2510 premeretur,

104 2535 231 2635 aquilam
259 2535 333 2592 intra
360 2533 466 2592 vallum
495 2532 623 2610 proiecit,
648 2531 715 2606 ipse
739 2550 793 2608 pro
822 2534 921 2592 castris
949 2532 1102 2594 fortissime

103 2629 241 2710 pugnans
264 2631 412 2691 occiditur.
455 2630 499 2688 Illi
527 2650 613 2706 aegre
642 2633 680 2690 ad
707 2641 825 2689 noctem
853 2633 1102 2709 oppugnationem

103 2733 263 2802 sustinent3
291 2739 381 2788 noctu
402 2728 439 2787 ad
460 2747 551 2786 unum
571 2746 736 2842 qmneqm
700 2729 853 2844 desperata
874 2730 964 2789 salute
990 2750 1021 2790 se
1046 2733 1101 2808 ipsi
1118 2744 1146 2793 25

7 2817 11 2824 ’
101 2829 286 2888 interficiunt.
328 2827 416 2888 Pauci
438 2846 474 2885 ex
497 2827 610 2903 proelio
630 2794 727 2903 elapdi
728 2803 843 2885 1ch
811 2825 860 2886 ltrs
881 2828 1028 2888 itineribus
1049 2847 1101 2905 per
1194 2829 1196 2835 ’

102 2928 188 2986 silvas
214 2927 251 2985 ad
280 2927 381 2985 Titum
405 2924 567 2984 Labienum
592 2925 751 3001 legatum
744 2925 908 2985 mhiberna
931 2927 1100 3003 perveniunt

101 3035 189 3103 atque
221 3044 289 3084 eum
321 3025 358 3083 de
388 3025 474 3082 rebus
505 3025 594 3100 gestis
623 3025 773 3083 certiorem
800 3024 916 3083 faciunt.
958 3031 1010 3085 88.
1033 3025 1100 3084 Hac
1200 3039 1204 3047 '

100 3123 219 3182 victoria
244 3123 373 3182 sublatus
398 3123 548 3182 Ambiorix
577 3124 673 3180 statim
698 3141 766 3181 cum
790 3124 917 3199 equitatu
945 3124 976 3181 in
1000 3121 1099 3181 Adua-

100 3230 192 3292 tucos,
222 3223 272 3298 qui
297 3231 379 3280 erant
403 3222 465 3279 eius
493 3239 585 3296 regno
609 3221 739 3292 finitumi,
765 3222 973 3296 proficiscitur;
1002 3231 1097 3294 neque
1112 3225 1144 3272 30

99 3329 218 3379 noctem
240 3338 337 3397 neque
358 3321 436 3378 diem
456 3319 615 3379 intermittit
635 3320 853 3397 peditatumque
875 3337 939 3378 sese
960 3319 1096 3392 subsequi

98 3419 186 3477 iubet.
230 3419 275 3478 Re
311 3419 508 3478 demonstrata
543 3418 761 3493 Aduatucisque
794 3417 944 3476 concitatis
978 3423 1097 3490 postero

99 3518 146 3578 die
170 3519 201 3576 in
226 3517 349 3576 Nervios
375 3516 502 3592 pervenit
527 3515 723 3594 hortaturque,
746 3533 782 3576 ne
804 3515 849 3576 sui
862 3515 901 3597 in
925 3522 1097 3590 perpetuum
