2650 3918
388 587 424 654 C.
449 587 571 652 IULII
596 586 834 654 CAESARIS

218 811 316 892 DE
376 811 622 894 nunno
679 810 1008 894 Gannico
1116 816 1117 821 ‘

414 1073 675 1137 COMMENTARIUS
691 1073 815 1122 SEXTUS.

421 1281 491 1343 ΒΕ.
514 1297 562 1360 53.
603 1281 713 1343 A.U.C.
738 1297 805 1358 701.

149 1522 329 1588 Threatenings
351 1521 380 1571 of
398 1521 441 1570 the
463 1527 533 1585 great
556 1519 642 1570 revolt.
676 1520 773 1570 Second
789 1536 893 1586 passage
909 1521 938 1570 of
957 1520 998 1570 the
1021 1519 1109 1572 Rhine.

117 1605 287 1670 Descriptions
303 1603 331 1654 of
346 1604 412 1654 Gaul
429 1605 478 1653 and
495 1603 626 1667 Germauy.
662 1603 733 1652 Hunt
749 1604 787 1653 for
804 1603 942 1654 Ambiorix.
976 1604 1067 1653 Inroad
1084 1603 1113 1653 of

117 1685 257 1750 Sugambri.

155 1835 182 1888 1.
204 1829 327 1888 Monrrs
348 1827 384 1887 de
406 1827 501 1886 causis
522 1827 632 1887 Caesar
645 1828 784 1912 maiorem
808 1827 918 1887 Galliae
932 1833 1045 1910 motum
1059 1847 1112 1888 ex·

116 1938 251 2005 spectans
270 1947 322 2004 per
340 1926 474 1985 Marcum
496 1925 633 1997 Silanum,
649 1925 756 1985 Gaium
776 1926 933 1984 Antistium
952 1926 1109 2022 Reginum,

116 2021 217 2080 Titum
240 2021 369 2080 Sextium
390 2021 502 2096 legatos
524 1992 667 2078 deldddrm
686 2019 792 2078 habere
811 2020 946 2094 instituit;
968 1999 1109 2081 similis

116 2119 203 2180 Gneo
227 2120 369 2198 Pompeio
391 2117 566 2195 proconsule
589 2117 669 2193 petit,
695 2119 833 2194 quoniam
857 2120 920 2194 ipse
945 2121 983 2178 ad
1006 2121 1109 2179 urbem

116 2238 183 2279 cum
202 2219 324 2296 imperio
337 2217 512 2294 reipubIIcae
533 2233 620 2276 causa
633 2225 801 2288 remaneret,
817 2235 891 2294 quos
912 2236 948 2276 ex
962 2218 1109 2296 Cisalpina
1123 2233 1137 2282 5

116 2317 211 2377 Gallia
235 2317 361 2376 consulis
385 2324 566 2376 sacramento
590 2315 754 2390 rogavisset,
780 2315 818 2374 ad
846 2316 928 2392 signa
956 2319 1135 2379 convenite·

116 2427 143 2475 et
159 2417 196 2476 ad
211 2433 242 2474 se
256 2415 399 2491 proficisci
420 2415 538 2484 iuberet,
551 2414 651 2489 magni
665 2414 802 2472 interesse
821 2415 907 2472 etiam
921 2415 951 2473 in
968 2416 1110 2493 reliquum

114 2524 230 2590 tempus
244 2514 282 2572 ad
303 2513 472 2590 opinionem
488 2511 597 2570 Galliae
612 2512 779 2570 existimans
793 2521 886 2572 tantas
904 2512 992 2572 videri
1010 2515 1109 2576 ltaliae

114 2612 273 2684 facultates,
287 2620 327 2682 ut,
343 2611 366 2670 si
381 2611 452 2687 quid
466 2620 543 2668 esset
557 2611 586 2666 in
606 2609 682 2668 bello
697 2610 858 2669 detrimenti
872 2622 1032 2688 acceptum,
1047 2633 1109 2674 non

114 2709 207 2769 modo
224 2709 254 2772 id
267 2710 346 2768 brevi
366 2719 497 2785 tempore
517 2677 653 2781 reddidit,
668 2708 721 2766 sed
740 2709 826 2766 etiam
840 2710 997 2771 maioribus
1011 2714 1109 2788 augeri
1126 2737 1155 2773 ro

115 2808 326 2902 corriigposset.
361 2806 452 2879 Quod
462 2825 529 2864 cum
539 2806 697 2881 Pompeius
708 2816 736 2865 et
746 2807 919 2883 reipublicae
930 2810 1110 2870 et-amicitiae

104 2873 418 2976 lirlidr'ss'et,'“'celeriter
445 2905 579 2964 confecto
607 2922 659 2981 per
687 2922 756 2963 suos
783 2904 896 2964 delectu
923 2908 1013 2968 tribus
1042 2920 1109 2969 ante

114 3012 247 3063 exactam
257 3003 383 3061 hiemem
398 3014 426 3062 et
440 3003 602 3063 constitutis
616 3011 645 3060 et
657 3002 789 3062 adductis
803 3003 965 3079 legionibus
981 3007 1110 3082 duplica·

114 3110 202 3178 toque
224 3119 323 3161 earum
345 3102 506 3161 cohortium
528 3119 658 3172 numero,
673 3118 745 3176 quas
767 3119 833 3158 cum
852 3101 889 3174 Q.
906 3102 1018 3161 Titurio
1038 3105 1108 3162 ami·

114 3210 197 3271 serat,
221 3209 250 3258 et
277 3201 421 3259 celeritate
448 3211 477 3259 et
505 3201 597 3276 copiis
625 3198 731 3271 docuit,
757 3200 826 3275 quid
853 3201 953 3276 populi
981 3200 1108 3260 Romani
1124 3227 1153 3277 15

114 3297 264 3375 disciplina
278 3309 363 3374 atque
377 3263 592 3375 ddddddssent.

154 3403 186 3456 2.
207 3395 365 3455 Interfecto
387 3396 596 3468 Indutiomaro,
615 3409 646 3456 ut
667 3397 828 3468 docuimus
850 3396 887 3455 ad
909 3397 969 3456 eius
990 3397 1108 3473 propin-

114 3513 188 3573 quos
203 3513 221 3554 a
235 3495 369 3553 Treveris
389 3495 541 3570 imperium
556 3496 688 3556 defertur.
730 3495 774 3555 Illi
788 3495 925 3553 finitimos
944 3493 1110 3557 Germanos

604 3609 616 3652 Ι
