2650 3918
215 205 280 256 ¹100
438 201 466 248 ,ἶ
503 200 506 208 ’
544 205 572 253 C.
596 202 884 254 IULII'CAESARIS
940 249 942 254 ,
1071 217 1086 254 ,’
1179 199 1213 248 V.

216 347 349 430 quisque'
364 371 464 412 eorum
489 354 637 413 carissima
660 354 787 426 haberet,
813 355 851 412 ab
874 351 1089 429 impedimentis
1113 360 1213 428 petere

217 463 304 530 atque
325 454 449 528 arripere
473 463 649 529 properaret,
670 454 797 512 clamore
821 462 849 510 et
870 453 939 510 fletu
964 453 1062 510 omnia
1083 451 1213 526 comple-

217 562 322 610 rentur.
365 557 416 611 34.
439 551 479 608 At
495 538 624 610 barbaris
639 551 792 610 consilium
807 569 869 608 non
887 549 984 612 defuit.
1026 548 1104 616 Nam
1122 549 1212 607 duces
1319 591 1320 606 .

216 667 318 708 eorum
347 659 407 708 tota
434 651 496 708 acie
523 651 721 726 pronuntiare.
737 651 891 720 iusserunt,
919 667 957 708 ne
985 649 1050 724 quis
1078 649 1116 706 ab
1144 648 1211 705 loco

188 766 203 818 '⁵
217 748 395 807 discederet:
434 748 548 806 illorum
582 766 646 806 esse
680 748 830 832 praedam¹
854 757 940 824 atque
975 746 1029 804 illis
1063 746 1210 815 reservari,

215 865 416 925 quaecumque
439 846 565 904 Romani
589 847 787 923 reliquissent:
815 843 938 924 ploi'nde
962 845 1062 904 omnia
1085 845 1116 902 in
1138 846 1211 904 vict·

216 947 277 1004 oria
311 945 406 1021 posita
440 945 645 1004 existimarent.
700 944 791 1002 Erant
825 953 853 1002 et
886 943 988 1002 virtute
1023 952 1052 1001 et
1086 960 1210 1000 numero

215 1042 375 1120 pugnando
406 1060 490 1118 pares
521 1043 611 1100 nostri
623 1062 631 1115 ;
666 1043 779 1100 tametsi
811 1043 847 1100 ab
879 1041 953 1102 duce
985 1050 1013 1099 et
1044 1060 1063 1100 a
1093 1041 1211 1100 fortuna

217 1137 427 1211 deserebantur,
442 1149 540 1198 tamen
555 1159 674 1199 omnem
689 1159 772 1217 spem
787 1140 885 1200 salutis
900 1141 931 1198 in
944 1141 1046 1198 virtute
1059 1141 1210 1215 ponebant

171 1265 204 1300 ro
217 1250 246 1298 et
259 1239 394 1315 quotiens
410 1256 544 1315 quaeque
559 1239 664 1299 cohors
678 1248 866 1314 procurrerat‚
880 1240 918 1297 ab
935 1257 969 1298 ea
985 1247 1066 1314 parte
1083 1257 1209 1314 magnus

215 1355 352 1396 numerus
376 1337 502 1396 hostium
523 1337 654 1396 cadebat.
696 1337 815 1409 Quare
836 1337 1035 1396 animadversa
1055 1337 1208 1395 Ambiorix

216 1436 393 1512 pronuntiari
428 1437 513 1503 iubet,
544 1445 576 1494 ut
592 1436 707 1538 procul
738 1435 795 1494 tela
825 1435 969 1494 coniciant
999 1453 1056 1494 neu
1080 1435 1208 1510 ,propius

216 1533 355 1592 accedant
383 1541 420 1606 et,
448 1502 593 1611 quamstiii
620 1513 732 1611 phrtem
760 1534 887 1592 Romani
914 1534 1054 1609 impeturn
1077 1533 1207 1604 fecerint,

216 1632 320 1690 cedant
337 1631 461 1711 (levitate
481 1651 626 1692 armorum
646 1642 674 1692 et
693 1633 838 1691 cotidiana
859 1633 1062 1690 exercitatione
1083 1631 1154 1689 nihil
1171 1633 1207 1690 iis

172 1743 202 1806 *15
216 1731 314 1789 noceri
325 1729 434 1810 posse),
443 1749 540 1791 rursus
552 1751 582 1790 se
594 1731 631 1790 ad
642 1733 725 1807 signa
735 1731 904 1807 recipientes
917 1731 1112 1807 insequantur.
1153 1736 1207 1791 35.

217 1827 286 1900 Quo
300 1839 455 1905 praecepto
468 1831 507 1887 ab
519 1831 554 1888 iis
568 1829 783 1905 diligentissime
798 1831 959 1900 observato,
971 1835 1038 1888 cu'm
1052 1816 1207 1905 qudebiam

216 1927 321 1986 cohors
342 1945 381 1984 ex
409 1928 478 1986 orbe
502 1937 664 1986 excesserat
688 1939 775 2003 atque
802 1929 943 2004 impetum
968 1927 1082 1999 fecerat,
1105 1927 1207 1986 hostes

215 2025 394 2084 velocissime
407 2025 595 2100 refugiebant.
637 2025 756 2084 Interim
767 2044 832 2084 earn
845 2036 958 2102 partem
969 2026 1070 2084 nudari
1084 2043 1207 2084 necesse

215 2132 275 2181 erat
296 2132 324 2181 et
345 2124 382 2181 ab
402 2123 489 2183 latere
510 2134 611 2200 aperto
631 2125 687 2183 tela·
711 2125 807 2200 recipi.
850 2124 970 2196 Rursus
991 2143 1058 2184 cum
1081 2125 1112 2182 in
1136 2143 1206 2182 eum

172 2243 202 2278 πο
215 2223 320 2292 locum,
342 2221 420 2280 unde
441 2232 521 2281 erant
541 2223 657 2300 egressi,
677 2223 778 2281 reverti
798 2232 962 2299 coeperant,
984 2232 1013 2282 et
1034 2223 1071 2280 ab
1091 2223 1134 2294 iis,
1154 2225 1206 2299 qui

215 2329 369 2390 cesserant,
382 2329 412 2378 et
426 2321 462 2378 ab
476 2321 518 2392 iis,
533 2322 581 2397 qui
595 2323 719 2398 proximi
733 2330 878 2394 steterant,
893 2309 1187 2382 circumveniebantur
1195 2345 1204 2395 ;

215 2418 259 2474 sin
281 2426 376 2475 autem
398 2418 494 2476 locum
514 2428 612 2478 tenere
633 2421 744 2492 vellent,
765 2440 820 2480 nec
841 2422 934 2480 virtuti
959 2422 1041 2480 locus
1060 2421 1205 2498 relinque·

214 2516 306 2586 batur,
333 2533 429 2590 neque
459 2517 496 2574 ab
527 2525 606 2575 tanta
632 2518 814 2577 multitudine
841 2519 972 2578 coniecta
998 2519 1056 2578 tela
1082 2519 1206 2578 conferti

214 2613 302 2671 vitare
322 2621 464 2688 poterant.
506 2614 620 2674 Tamen
641 2625 684 2675 tot
708 2617 902 2676 incommodis
922 2617 1085 2688 conflictati,
1106 2619 1205 2678 multis

171 2733 201 2783 25
214 2711 378 2770 vulneribus
405 2714 531 2789 acceptis
558 2716 731 2774 resistebant
758 2727 787 2776 et
809 2735 917 2794 magna
942 2726 1025 2793 parta
1052 2717 1108 2775 diei
1132 2734 1205 2775 con-

215 2820 339 2887 sumpta,
361 2829 428 2871 cum
448 2830 465 2870 a
486 2813 578 2888 prima
597 2814 661 2872 luce
683 2814 720 2873 ad
743 2814 846 2873 horam
866 2802 999 2874 octavam
1018 2825 1204 2891 pugnaretur,

214 2909 292 2979 nihil,
310 2910 390 2985 quod
408 2911 477 2986 ipsis
495 2921 571 2970 esset
587 2913 746 2988 indignum,
764 2913 990 2972 committebant.
1028 2912 1111 2976 ,Tum
1133 2913 1205 2973 Tito

214 3007 372 3079 Balventio,
393 3009 442 3085 qui
466 3011 613 3086 superiore
634 3031 711 3071 anno
732 3011 857 3088 primunr
878 3011 968 3087 pilum
992 3011 1120 3103 dpxerat,
1140 3013 1205 3079 viro

214 3107 280 3166 forti
296 3115 324 3165 et
332 3125 456 3183 magnae
471 3111 655 3182 auctoritatis,
664 3121 818 3187 utrumque·
827 3110 921 3168 femur
934 3072 1045 3186 adiuta
1056 3110 1182 3170 traicitur
1193 3132 1204 3184 ;

171 3229 202 3278 30
215 3205 341 3278 Quintus
375 3204 539 3280 Lucanius,
560 3209 690 3268 eiusdem
723 3209 839 3280 ordinis,
871 3208 1024 3268 fortissime
1057 3227 1204 3286 pugnans,

215 3305 285 3362 dum
299 3287 502 3371 (circiunvento
523 3300 750 3394 filiohsubvenit,
771 3307 953 3380 interficittu5
981 3307 1089 3406 Lugius
1111 3307 1203 3394 ¹thta

213 3400 324 3480 legatus
347 3421 450 3488 omnes
472 3395 605 3466 cohorte's
627 3405 799 3484 ordinesque
823 3406 979 3465 adhortans
998 3391 1205 3469 irl'adver'sum

210 3517 252 3593 os
279 3486 375 3560 funda*
397 3501 591 3632 vulneratur>K
608 3511 659 3566 86.
681 3503 738 3564 His
772 3505 857 3566 rebus
889 3514 1038 3584 permotus
1074 3505 1203 3579 Quintus
