2650 3918
207 186 249 250 66
538 202 567 250 c.
590 203 684 250 ιιιιιι
704 201 927 260 causantes
918 230 989 261 Μ,
985 211 1034 267 t„
1158 201 1204 244 ιι.

207 351 329 410 omnino
350 361 451 410 contra
475 352 653 411 voluntatem
668 291 787 424 lalclaht,
807 362 836 411 et
859 352 934 410 vires
959 351 1007 409 alit
1031 359 1060 408 et
1083 350 1206 408 immani

209 467 364 526 corporum
398 415 597 526 niagrutudine
631 450 786 543 homines
801 449 896 508 efficit.
946 448 1083 526 Atque
1076 467 1107 506 ιιι
1137 466 1206 506 eam
1314 419 1315 458 ἕ

210 567 242 607 se
262 549 503 608 consuetudinem
525 549 718 619 adduxerunt,
739 559 771 606 ut
762 503 884 607 locis(
891 547 1083 624 frigidissimis
1107 564 1206 622 neque
1276 600 1280 606 .

209 637 328 706 vestitus
352 657 464 724 praeter
488 647 570 723 pellis
593 646 733 707 haberent
757 649 923 725 quicquam,
945 665 1073 728 quarum
1088 657 1207 751 propter
1314 643 1315 678 ³

182 748 396 824 sexiguitatem
412 765 520 823 magna
538 756 582 804 est
599 749 728 845 corporis
745 767 813 824 pars
830 757 938 824 aperta,
953 757 980 805 et
995 718 1183 804 lavarentur
1175 764 1206 802 ιιι

210 846 385 904 fluminibus.
427 851 456 904 2.
478 814 689 904 Mercatoribus
709 855 753 904 est
773 847 868 905 aditus
888 859 983 922 magis
1002 864 1110 966 eodm,
1069 855 1109 914 ut,
1131 861 1207 920 quae

210 944 287 1003 bello
311 944 449 1020 ceperint,
470 944 574 1020 quibus
598 945 733 1016 vendant,
758 944 892 1016 habeant,
914 917 1030 1020 quams
1031 919 1207 1020 quolullam

211 1061 274 1101 rem
308 1043 346 1101 ad
380 1060 412 1100 se
443 1042 592 1118 importari
621 1043 792 1102 desiderent.
835 1041 915 1114 Quin
946 1043 1034 1100 etiam
1062 1040 1207 1118 iumentis

161 1141 317 1217 quibus
340 1141 466 1198 maxime
487 1139 563 1202 Galli
587 1140 764 1201 delectantur
788 1158 921 1218 quaeque
945 1141 1080 1216 impenso
1104 1147 1208 1214 parant

170 1257 201 1294 ιο
213 1239 315 1315 pretio,
331 1237 494 1296 Germani
487 1257 527 1294 ιιιι
549 1256 582 1296 οι
595 1239 648 1297 atis
664 1257 726 1296 non
742 1248 868 1310 utuntur,
883 1239 936 1297 sed
953 1257 1028 1315 quae
1046 1247 1113 1296 sunt
1129 1235 1210 1312 apud

205 1345 359 1450 eoqnqta,
373 1355 462 1412 parva
478 1345 564 1412 atque
582 1337 732 1408 deformia,
749 1336 821 1396 haec
838 1337 984 1396 cotidiana
1003 1335 1208 1395 exercitatione

205 1401 320 1492 summi
342 1445 373 1492 ut
394 1435 451 1492 sint
471 1435 578 1494 laboris
599 1435 733 1494 efficiunt.
775 1435 966 1512 Equestribus
983 1434 1100 1512 proeliis
1119 1451 1208 1509 saepe

215 1551 251 1590 ex
273 1533 354 1608 equis
376 1533 510 1592 desiliunt
498 1543 564 1593 tac
584 1534 708 1610 pedibus
726 1535 913 1610 proeliantur,
932 1551 1098 1613 equosque
1103 1531 1208 1592 eodem

171 1630 174 1635 '
214 1648 362 1689 remanere
382 1631 504 1707 vestigio
528 1632 758 1704 assuefecerunt,
774 1632 812 1690 ad
836 1650 911 1708 quos
931 1650 963 1690 se
984 1631 1120 1702 celeriter,
1142 1649 1210 1689 cum
1314 1619 1315 1632 ¹

173 1752 202 1802 15
214 1746 285 1787 usus
281 1729 523 1843 eslosltoeipiunt'
546 1747 641 1807 lleqlle
658 1749 759 1788 eorum
778 1732 908 1789 moribus
925 1731 1036 1806 turpius
1053 1731 1210 1809 qlllcqllam

216 1836 266 1886 aut
279 1803 403 1886 iilertim
411 1827 541 1900 habetur,
556 1847 645 1905 quam
659 1829 803 1905 ephippiis
817 1830 866 1887 uti.
909 1829 1012 1906 Itaque
1027 1827 1064 1886 ad
1079 1829 1211 1904 quemvis
1314 1815 1315 1828 ¹

216 1943 373 1984 numerum
402 1926 636 2003 ephippiatorum
671 1928 802 2003 equitum
837 1927 968 2003 quamvis
1007 1928 1094 2004 pauci
1131 1928 1210 1985 adire
1314 1931 1315 1934 ’

216 2024 333 2083 audent.
375 2025 485 2082 Vinum
507 2025 544 2084 ad
565 2043 598 2084 se
615 2027 736 2084 omnino
757 2026 906 2102 inoportari
926 2044 987 2084 non
1007 2025 1111 2097 sinunt,
1131 2023 1211 2102 quod
1314 2033 1315 2088 ἒ

217 2141 254 2182 ea
279 2142 315 2182 ue
335 2123 376 2182 ad
399 2124 529 2186 laborem
556 2123 720 2204 ferendum,¹
736 2125 934 2182 remollescere
962 2123 1097 2182 homines
1125 2133 1211 2200 atque
1314 2113 1315 2116 ¹

174 2243 205 2282 a·
218 2221 378 2280 effeminari
405 2224 583 2282 arbitrantur.
639 2230 667 2282 3.
689 2222 808 2282 Publice
828 2224 986 2281 maximam
1013 2231 1116 2299 putant
1147 2241 1212 2282 esse

218 2320 343 2390 laudem,
366 2337 454 2396 quam
478 2321 618 2381 latissime
636 2341 656 2380 a
679 2323 738 2381 suis
762 2321 869 2380 linibus
893 2339 996 2381 vacare
1021 2339 1125 2397 agros:
1156 2321 1212 2378 hac

218 2434 254 2474 re.
263 2417 418 2492 significari
428 2437 568 2494 magnum
583 2439 736 2480 numerum
748 2421 892 2480 civitatum
904 2437 987 2478 suam
1000 2420 1058 2477 vim
1072 2421 1213 2479 sustinere
1314 2449 1315 2454 ι

219 2533 282 2578 non
308 2533 404 2590 posse.
446 2516 548 2593 Itaque
571 2537 631 2578 una
654 2539 690 2577 err
715 2529 797 2595 parte
823 2537 840 2576 a
869 2517 971 2576 Suebis
996 2518 1108 2576 circiter
1135 2517 1215 2576 milia

219 2632 359 2690 passuum
374 2626 510 2674 sexcenta
524 2617 585 2692 agri
598 2635 700 2676 vacare
714 2619 855 2676 dicuntur.
897 2615 949 2674 Ad·
965 2617 1085 2677 alteram
1101 2627 1215 2692 partem

176 2733 206 2780 ²5
222 2713 381 2782 succedunt
400 2713 476 2784 Ubii,
492 2733 617 2791 quorum
636 2715 688 2774 luit
709 2716 808 2776 civitas
827 2716 925 2791 ampla
945 2725 1031 2791 atque
1051 2715 1166 2786 florens,
1184 2726 1216 2774 ut

219 2820 265 2868 est
293 2821 396 2887 captus
423 2813 644 2898 Germanorum,
673 2823 703 2874 et·
733 2815 822 2892 paulo
846 2823 917 2872 sunt
944 2813 1074 2872 eiusdem
1101 2813 1217 2890 generis

220 2909 329 2966 ceteris
360 2909 554 2983 humaniores
590 2924 743 2988 propterea
778 2931 798 2990 q
872 2911 1028 3007 Rhenum
1064 2913 1218 2988 attingunt,

220 3008 406 3086 mrrltumque
431 3011 469 3071 ad
497 3029 549 3070 eos
576 3020 798 3081 mercatoresv
856 2963 926 3084 duit,
955 3022 984 3070 et
1015 3013 1071 3088 ipsi
1097 3024 1220 3088 propter

222 3108 468 3184 propinquitatem
491 3109 608 3168 Gallicis
629 3121 695 3168 sunt
716 3087 809 3168 morib
810 3129 845 3169 us
791 3059 1027 3170 bassuersctt.
1070 3109 1137 3169 Hos
1150 3130 1221 3170 cum

178 3227 211 3276 5·
225 3205 313 3264 Suebi
337 3206 442 3301 multis
472 3225 559 3282 saepe
590 3208 671 3266 bellis
703 3210 812 3284 experti
847 3219 965 3285 propter
998 3209 1222 3286 amplitudinem

223 3276 450 3382 gmvitaleinque
482 3305 602 3364 civitatis
633 3307 739 3364 finibus
771 3307 915 3383 expellere
949 3322 1014 3366 non
1046 3308 1221 3384 potuissent,

223 3413 324 3462 tamen
350 3423 401 3464 vec
404 3405 508 3480 tigales
534 3407 588 3463 sibi
612 3406 741 3464 fecerunt
769 3425 804 3464 ae
828 3408 919 3465 multo
944 3405 1113 3466 humiliorcs
1141 3408 1223 3466 infir·

224 3499 389 3580 moresque
406 3498 586 3580 redegerunt.
628 3509 658 3563 4.
681 3504 716 3563 In
733 3506 836 3565 eadem
851 3524 939 3565 causa
951 3505 1066 3565 luerunt
1082 3505 1223 3584 Usipetes
