2650 3918
194 169 253 237 '108
450 207 452 212 ·
516 185 545 236 e.
570 186 665 234 min
686 175 860 235 erasmus
957 179 963 222 3
1149 181 1182 236 r.

190 335 332 411 equitatus
357 334 395 394 ad
415 345 509 394 castra
533 336 644 396 accedit
668 336 867 412 proeliumque
888 351 955 393 cum
976 327 1081 392 nostris
1103 331 1184 407 equi·
1246 327 1257 340 ⁸

190 433 266 492 tibus
298 435 458 494 committit.
501 434 610 494 Caesar
644 435 778 494 consulto
814 435 925 510 equites
956 432 1058 491 cedere
1093 449 1184 507 seque

189 535 219 591 in
242 543 334 592 castra
355 535 481 610 recipere
502 535 598 607 iubet;
612 534 709 614 ‘simul
730 553 766 592 ex
787 534 923 591 omnibus
943 533 1071 607 partibus
1090 539 1185 590 castra

190 631 287 690 altiore
306 631 380 690 vallo
400 633 504 690 muniri
523 614 681 709 portasque
700 633 810 690 obstrui
829 640 914 707 atque
932 631 963 688 in
982 629 1026 688 his
1045 629 1184 688 adminis-

160 733 298 799 5trandis
319 734 404 791 rebus
425 751 513 809 quam
535 734 660 792 maxime
679 733 844 791 concursari
865 741 979 789 etcum
1000 730 1183 789 simulatione

190 830 237 906 agi
256 831 366 888 timoris
385 831 472 890 iubet.
515 837 561 889 51.
583 830 697 903 Quibus
712 831 847 888 omnibus
861 831 947 888 rebus
961 829 1060 887 hostes
1074 827 1184 885 invitati

189 929 289 1004 copias
309 928 461 987 traducunt
485 929 635 1004 aciemque
658 929 757 1005 iniquo
781 928 850 988 loco
870 929 1055 997 constituunt,
1075 926 1184 984 nostris

188 1044 256 1084 vero
276 1027 362 1084 etiam
384 1026 420 1084 de
439 1027 513 1084 vallo
533 1027 663 1085 deductis
682 1027 802 1102 propius
822 1026 964 1084 accedunt
981 1034 1010 1083 et
1030 1025 1087 1083 tela
1106 1025 1184 1081 intra

188 1125 381 1183 munitionem
400 1143 437 1182 ex
457 1125 594 1184 omnibus
614 1127 744 1202 parribus
763 1125 910 1184 coniciunt
930 1123 1183 1200 praeconibusque

145 1237 176 1274 ro
189 1222 392 1282 circummissis
408 1223 586 1298 pronuntiari
601 1223 708 1289 iubent,
724 1241 775 1281 seu
790 1223 853 1298 quis
868 1221 969 1280 Gallus
987 1239 1038 1280 seu
1052 1220 1182 1278 Roman·

188 1339 223 1380 us
247 1320 313 1379 velit
338 1331 405 1378 ante
429 1321 532 1379 horam
560 1323 672 1380 tertiam
696 1322 734 1380 ad
758 1340 789 1379 se
812 1321 941 1390 transire,
968 1321 1029 1378 sine
1053 1318 1183 1396 periculo

188 1419 289 1490 licere;
311 1427 378 1494 post
397 1419 427 1477 id
446 1429 562 1495 tempus
580 1438 642 1478 non
657 1419 718 1478 fore
737 1429 929 1496 potestatem:
951 1437 986 1478 ac
1006 1419 1046 1477 sic
1064 1425 1182 1475 nostros

189 1521 431 1593 contempserunt,
453 1517 660 1594 utqobstr'uctis
683 1519 713 1575 in
735 1519 862 1594 speciem
883 1518 974 1592 portis
994 1516 1114 1592 singulis
1135 1532 1182 1573 or-

189 1615 308 1674 dinibus
333 1616 484 1691 cespitum,
510 1616 590 1693 quod
611 1635 647 1674 ea
670 1635 731 1674 non
758 1633 846 1691 posse
870 1616 1079 1691 introrumpere
1103 1615 1183 1672 vide-

145 1727 174 1778 15
188 1713 301 1785 bantur,
333 1713 379 1771 alii
410 1713 515 1771 vallum
546 1732 635 1772 manu
667 1713 807 1785 scindere,
831 1713 878 1772 alii
909 1712 1005 1772 fossas
1035 1713 1183 1790 complere

188 1811 355 1888 inciperent.
397 1811 478 1870 Tum
505 1812 613 1872 Caesar
640 1812 776 1871 omnibus
807 1813 898 1887 portis
929 1812 1078 1887 eruptione
1106 1811 1184 1870 facta

188 1909 373 1986 equitatuque
398 1911 504 1969 emisso
530 1910 656 1969 celeriter
683 1910 781 1968 hostes
809 1909 839 1967 in
864 1909 964 1986 fugam
992 1910 1048 1982 dat,
1075 1911 1116 1969 sic
1141 1913 1183 1969 uti

187 2007 309 2066 omnino
336 2009 485 2085 pugnandi
512 2027 602 2068 causa
628 2009 773 2067 resisteret
800 2021 898 2079 neme,
922 2027 1119 2085 magnumque
1145 2027 1182 2068 ex

188 2105 229 2163 eis
244 2123 396 2164 numerum
411 2107 518 2165 occidit
532 2117 618 2183 atque
633 2124 736 2165 omnes
751 2106 837 2164 armis
852 2106 938 2164 exuit.

144 2231 175 2266 ιο
229 2209 280 2261 52.
302 2203 433 2280 Longius
464 2206 603 2281 prosequi
630 2207 744 2275 veritus,
775 2204 855 2280 quod
888 2204 974 2262 silvae
1003 2205 1182 2282 paludesque

187 2301 406 2360 intercedebant
440 2321 534 2378 neque
574 2303 662 2362 etiam
699 2303 818 2378 parvulo
859 2303 1030 2362 detrimento
1069 2305 1182 2363 illorum

186 2400 285 2458 locum
313 2399 435 2475 relinqui
463 2401 587 2472 videbat,
615 2401 752 2459 omnibus
780 2403 840 2460 suis
867 2403 1062 2461 incolumibus
1089 2405 1182 2480 copiis

187 2497 292 2555 eodem
307 2497 353 2555 die
368 2497 405 2554 ad
422 2496 596 2556 Ciceronem
614 2499 751 2574 pervenit.
793 2500 943 2558 Institutas
957 2510 1057 2572 turres,
1071 2503 1181 2561 testud-

188 2595 251 2653 ines
280 2594 514 2670 munitionesque
544 2595 671 2654 hostium
695 2597 867 2670 admiratur;
901 2598 1016 2674 legione
1040 2599 1182 2676 producta

143 2706 171 2757 25
187 2692 338 2767 cognoscit
366 2710 428 2750 non
457 2693 601 2752 decimum
629 2713 775 2771 quemque
803 2714 868 2754 esse
891 2697 1034 2773 reliquum
1061 2698 1180 2758 militem

187 2792 248 2848 sine
272 2789 405 2849 vulnere:
431 2809 466 2848 ex
491 2790 536 2850 his
561 2793 696 2850 omnibus
724 2794 830 2852 iudicat
854 2796 949 2866 rebus,
978 2807 1088 2872 quanto
1113 2815 1180 2856 curn

185 2888 313 2966 periculo
347 2898 376 2947 et
406 2899 514 2965 quanta
544 2908 611 2948 cum
644 2891 746 2948 virtute
781 2910 827 2950 res
863 2893 920 2951 sint
950 2893 1180 2956 administratae:

186 2989 358 3048 Ciceronem
383 3007 437 3064 pro
462 2990 523 3046 eius
547 2989 650 3046 merito
675 2989 880 3065 legionemque
905 2991 1067 3065 collaudat,
1099 3004 1180 3052 cent·

185 3088 302 3146 uriones
330 3086 495 3162 singillatim
522 3088 713 3162 tribunosque
742 3087 864 3145 militum
893 3089 1026 3165 appellat,
1054 3109 1179 3167 quorum

140 3207 172 3256 30
186 3186 332 3261 egregiam
356 3184 445 3242 fuisse
469 3186 601 3242 virtutem
625 3185 792 3243 testimonio
818 3184 967 3247 Ciceronis
994 3201 1178 3265 cognoverat.

185 3282 232 3340 De
260 3301 329 3341 casu
359 3282 458 3341 Sabini
483 3292 511 3341 et
538 3282 643 3341 Cottae
670 3284 775 3341 certius
803 3301 840 3340 ex
869 3285 988 3361 captivis
1017 3290 1180 3362 cognoscit.

185 3380 305 3440 Postero
330 3383 376 3440 die
402 3383 539 3442 contione
560 3381 659 3440 habita
680 3400 741 3440 rem
765 3391 878 3458 gestam
903 3387 1049 3461 proponit,
1074 3389 1179 3448 milites

186 3479 352 3537 consolatur
365 3490 393 3539 et
412 3481 582 3540 confirmat:
605 3480 685 3558 quod
703 3480 907 3544 detrimentum
927 3483 1012 3560 culpa
1029 3495 1057 3544 et
1075 3496 1178 3546 temer-
