2650 3918
80 228 94 258 .·
123 209 229 279 apag.
350 211 396 258 ns
418 211 529 260 asaro
552 208 707 264 caesareo=
721 208 836 260 cotun.
862 211 921 262 νη.
1070 213 1184 280 ut

70 367 74 444 j
132 357 211 432 bant,
237 360 386 437 expellitur
413 381 449 420 ex
478 362 587 438 oppido
613 361 775 438 Gergovia;
807 379 868 420 non
897 359 1004 418 destitit
1031 368 1129 416 tamen

132 468 220 534 atque
251 459 282 516 iri
310 461 385 536 agris
413 460 500 518 habet
531 461 675 519 delectum
703 461 850 537 egentium
879 478 912 517 ac
941 458 1128 538 perditorum.

71 546 76 609 ἶ
134 555 201 615 Hac
225 567 328 616 coacta
351 576 450 630 manu,
473 577 672 636 quoscumque
698 559 756 617 adit
780 577 816 618 ex
841 541 962 626 civitate,
985 556 1022 615 ad
1046 574 1130 616 suam

133 655 304 713 sententiam
323 657 470 732 perducit3
495 657 633 728 hortatur,
651 667 683 716 ut
702 657 865 716 communis
884 655 1021 714 libertatis
1041 672 1130 713 causa

133 767 215 811 anna
238 755 362 831 capiant,
389 734 562 831 magnisque
587 757 696 814 coactis
723 756 816 832 copiis
844 755 1022 812 adversarios
1052 753 1159 821 suos,'5

134 853 275 928 aquibus
294 855 381 930 paulo
403 864 469 912 ante
491 865 552 913 erat
572 855 688 924 eiectus,
703 853 819 931 expellit
840 873 876 912 ex
896 853 1018 911 civitate.
1062 851 1128 908 Rex
1145 902 1167 914 „

135 950 171 1007 ab
193 950 252 1008 suis
276 952 445 1027 appellatur.
487 951 612 1011 Dimittit
633 970 851 1029 quoqueversus
873 952 1049 1028 legationes;·
1064 950 1130 1007 ob-

73 1107 77 1115 ,
132 1057 261 1120 testatur,
272 1059 303 1108 ut
318 1051 348 1106 in
360 1049 417 1108 fide
431 1060 576 1109 maneant.
620 1049 757 1116 Celeriter
772 1051 826 1110 sibi
841 1051 982 1121 Senones,
994 1048 1128 1118 Parisios,

133 1147 278 1218 Pictones,
300 1147 458 1220 Cadurcos
482 1148 629 1220 Turonos,
651 1150 801 1220 Aulercos,
823 1149 1003 1218 Lemovices
1025 1146 1130 1204 Andos

74 1229 76 1236 ¹
133 1247 316 1323 reliquosque
338 1265 450 1316 omnes,
472 1248 521 1322 qui
543 1246 697 1309 Oceanum
718 1249 869 1322 attingunt,
891 1247 1037 1322 adiungit:
1066 1262 1129 1302 om·
1147 1271 1176 1306 ro

134 1345 215 1403 nium
243 1363 389 1403 consensu
415 1345 454 1403 ad
481 1363 548 1403 eum
579 1334 705 1406 defertur
734 1347 896 1421 imperium.
938 1343 1006 1416 Qua
1034 1343 1131 1401 oblata

134 1453 276 1519 potestate
300 1443 436 1501 omnibus
464 1443 508 1501 his
533 1444 692 1502 civitatibus
718 1444 836 1510 obsides
863 1445 993 1519 imperat,
1020 1450 1129 1502 certum
1204 1463 1216 1489 ι

133 1560 286 1600 numerum
312 1542 433 1600 militum
461 1542 498 1600 ad
527 1560 558 1600 se
586 1543 714 1601 celeriter
741 1543 847 1600 adduci
874 1542 961 1611 iubet,
983 1558 1129 1600 armorum

133 1642 275 1716 quantum
296 1657 428 1716 quaeque
445 1639 543 1698 civitas
565 1641 646 1698 domi
667 1640 804 1717 quodque
826 1649 893 1698 ante
914 1650 1029 1716 tempus
1051 1639 1129 1697 effic·

77 1729 80 1734 ’
133 1740 181 1810 iat,
209 1737 373 1810 constituit,
406 1738 546 1813 imprimis
570 1738 709 1814 equitatui
737 1739 841 1796 studet.
884 1737 1022 1796 Summae
1046 1737 1175 1815 dilig-15

132 1837 228 1896 entiae
263 1853 408 1894 summam
441 1836 553 1912 imperii
588 1837 767 1894 severitatem
796 1836 894 1906 addit3
929 1835 1129 1911 magnitudine

134 1934 267 2011 supplicii
288 1933 452 1993 dubitantes
474 1935 559 2010 cogit.
603 1934 681 1992 Nam
706 1935 815 1993 maiore
840 1935 998 1993 commisso
1023 1932 1129 1991 delicto

133 2034 195 2110 igni
210 2043 295 2110 atque
309 2033 445 2092 omnibus
462 2034 613 2092 tormentis
630 2043 722 2102 necat,
737 2034 843 2092 leviore
860 2030 896 2091 de
911 2051 999 2091 causa
1013 2031 1129 2090 auribus

134 2133 267 2193 desectis.
286 2142 335 2192 aut
367 2133 486 2208 singulis
517 2133 631 2192 effossis
666 2133 758 2192 oculis
789 2133 910 2191 domum
942 2132 1067 2200 remittit,
1097 2142 1128 2188 ut

134 2232 192 2289 sint
212 2230 528 2306 reliquis-documento
550 2242 578 2290 et
598 2231 797 2306 magnitudine
819 2249 931 2306 poenae
952 2217 1128 2306 perterreant
1139 2239 1176 2291 '2'0

133 2330 215 2388 alios
258 2337 287 2388 5.
310 2329 366 2389 His
387 2330 534 2407 suppliciis
548 2331 676 2390 celeriter
695 2339 797 2389 coacto
815 2331 942 2388 exercitu
962 2329 1128 2388 Lucterium

130 2429 309 2501 Cadurcum,
324 2447 456 2488 summae
471 2430 622 2490 hominem
639 2431 785 2502 audaciae,
800 2449 867 2489 cum
884 2439 965 2506 parte
980 2430 1129 2505 copiarum

132 2529 164 2585 in
196 2527 329 2586 Rutenos
360 2529 461 2600 mittit3
494 2530 555 2604 ipse
586 2530 616 2586 in
644 2527 787 2604 Bituriges
818 2527 1014 2604 proficiscitur.
1058 2527 1129 2586 Eius

132 2626 260 2685 adventu
278 2625 421 2701 Bituriges
440 2627 478 2684 ad
497 2627 625 2698 Aeduos,
643 2645 767 2703 quorum
785 2635 867 2684 erant
885 2627 916 2684 in
935 2626 1001 2697 lide,
1015 2626 1129 2702 legatos

131 2725 252 2782 mittunt
282 2725 441 2782 subsidium
472 2736 613 2800 rogatum,
642 2743 701 2801 quo
725 2724 841 2806 ⁸facilius
871 2724 998 2783 hostium
1017 2725 1129 2800 'copias
1145 2749 1173 2796 ²5

81 2819 84 2824 ’
132 2821 276 2880 sustinere
290 2823 408 2897 possint.
452 2823 547 2882 Aedui
561 2824 598 2881 de
613 2824 734 2882 consilio
749 2823 918 2898 legatorum,
932 2841 1005 2900 quos
1019 2823 1130 2882 Caesar

132 2921 171 2979 ad
192 2920 351 2978 exercitum
372 2921 532 2998 reliquerat,
554 2922 654 2998 copias
675 2923 818 2998 equitatus
839 2921 1040 2998 peditatusque
1062 2923 1129 2980 sub-

81 3025 87 3038 '
132 3019 207 3077 sidio
240 3017 415 3095 Biturigibus
447 3019 570 3078 mittunt.
613 3019 673 3092 Qui
700 3039 767 3078 cum
795 3021 833 3078 ad
861 3021 971 3079 flumen
1002 3019 1131 3096 Ligerim

81 3100 84 3152 3
131 3117 287 3187 venissent,
305 3118 386 3194 quod
405 3117 548 3193 Bituriges
567 3119 604 3176 ab
623 3118 733 3176 Aeduis
753 3118 859 3189 dividit,
880 3137 990 3196 paucos
1010 3119 1071 3176 dies
1090 3117 1130 3174 ibi

133 3219 238 3276 morati
258 3236 354 3293 neque
376 3217 485 3275 flumen
505 3219 624 3276 transire
646 3218 707 3275 ansi
728 3218 850 3276 domum
871 3229 1048 3277 revertuntur
1068 3219 1130 3294 leg·
1145 3237 1176 3286 30

133 3317 245 3394 alisque
273 3316 380 3376 nostris
408 3317 572 3374 renuntiant
600 3335 631 3375 se
659 3317 821 3392 Biturigum
849 3317 998 3392 perfidiam
1026 3317 1130 3376 veritos

81 3443 85 3484 3
132 3416 292 3487 revertisse,
309 3415 412 3491 quibus
430 3415 459 3472 id
479 3415 590 3473 consilii
607 3414 695 3473 luisse
714 3415 910 3490 cognoverint,
925 3424 965 3485 ut,
981 3415 1004 3473 si
1021 3415 1131 3474 flumen

82 3519 86 3538 ¹
132 3515 313 3586 transissent,
328 3503 386 3572 una
405 3532 441 3572 ex
461 3522 541 3591 parte
560 3513 624 3590 ipsi,
644 3513 732 3572 altera
750 3513 871 3572 Arverni
890 3530 921 3570 se
940 3513 1131 3574 circumsiste-
