2630 3916
191 205 264 353 b32X
288 221 289 226 ¹
432 203 484 251 'DE
504 202 615 252 BELLO
638 203 788 254 onorico
811 204 921 254 coMM.
943 206 968 256 ’1.

207 309 267 353 ,Ἡ
551 305 555 314 ,

202 335 304 414 nactus
317 331 354 412 ea
367 352 512 430 profugit;
533 354 659 432 reliquos
673 373 776 415 omnes
790 357 918 435 equitatu
940 357 1088 418 consecuti
1103 357 1204 418 norm·

202 453 413 512 interfecerunt.
455 453 539 513 Duae
561 453 679 513 fuerunt
705 453 841 515 Ariovisti
868 476 982 528 uxoreS,
1010 477 1069 518 una
1098 459 1194 518 Sueba

202 553 328 624 natione,
353 570 440 627 quam
463 552 553 612 domo
578 571 678 612 secum
706 553 836 627 duxerat,
861 556 950 615 altera
974 555 1094 629 Norica,
1117 557 1193 633 regis

201 651 360 710 Voccionis
382 669 473 722 soror,
488 669 576 728 quam
596 651 628 708 in
648 650 742 710 Gallia
763 652 892 726 duxerat,
912 673 930 714 a
950 655 1035 714 fratre
1056 656 1199 715 missam:

173 759 338 827 sutraeque
352 751 383 808 in
404 768 438 808 ea
452 750 521 825 fuga
540 750 693 826 perierunt.
736 749 863 812 Fuerunt
885 753 959 812 duae
977 753 1069 812 filiae:
1090 754 1193 813 harum

202 848 289 909 altera
316 850 421 919 occisa,
444 849 532 907 altera
559 858 644 924 capta
671 857 722 908 est.
765 848 857 910 Gaius
883 849 1015 910 Valerius
1043 851 1191 924 Procillus
1298 927 1299 932 η

201 966 269 1007 cum
283 967 301 1006 a
314 947 481 1007 custodibus
495 947 527 1004 in
540 945 610 1022 fuga
623 946 704 1006 trinis
723 948 832 1006 catenis
850 949 962 1010 vinctus
982 951 1148 1022 traheretur,
1162 951 1192 1010 in

200 1046 297 1124 ipsum
312 1045 467 1105 Caesarem
481 1043 571 1103 hostis
585 1046 713 1121 equitatu
726 1057 948 1124 persequentem
958 1048 1065 1108 incidit.
1107 1047 1191 1121 Quae

201 1145 318 1221 quidem
352 1162 399 1203 res
434 1142 552 1202 Caesari
585 1161 646 1202 non
680 1144 824 1204 minorem
858 1165 947 1222 quam
981 1148 1044 1224 ipsa
1068 1147 1191 1206 victoria

157 1268 188 1304 ιο
200 1243 379 1319 voluptatem
392 1241 492 1314 attulit,
507 1240 587 1318 quod
607 1240 758 1300 hominem
776 1242 1013 1304 honestissimum
1026 1246 1189 1322 provinciae

201 1339 319 1412 Galliae,
335 1359 419 1400 suum
442 1339 612 1399 familiarem
635 1347 664 1397 et
687 1339 840 1417 hospitem,
862 1353 992 1431 ereptum
1016 1361 1033 1402 e
1057 1343 1187 1402 manibus

200 1438 327 1498 hostium
348 1441 402 1498 sibi
422 1439 584 1498 restitutum
608 1438 731 1510 videbat,
752 1458 848 1517 neque
876 1443 937 1500 eius
965 1442 1125 1502 calamitate
1151 1441 1188 1500 de

200 1547 280 1596 tanta
293 1537 438 1614 voluptate
452 1547 481 1595 et
493 1536 685 1613 gratulatione
698 1537 854 1615 quicquam
868 1538 983 1598 fortuna
1003 1527 1198 1599 deminuerat,

200 1635 230 1694 Is
250 1653 281 1694 se
302 1645 453 1711 praesente
474 1635 512 1694 <le
531 1653 563 1692 se
583 1643 627 1692 ter
641 1636 765 1696 sortibus
780 1637 944 1695 consultum
958 1637 1079 1712 dicebat,
1093 1645 1196 1708 utrum·

157 1756 185 1807 1⁵
200 1733 260 1808 igni
288 1733 383 1792 statim
410 1741 568 1798 necaretur,
596 1749 634 1790 an
661 1733 692 1790 in
719 1734 796 1793 aliud
830 1743 945 1810 tempus
976 1727 1188 1793 reservaretur:

200 1831 319 1888 sortium
339 1830 481 1890 beneficio
503 1849 534 1888 se
555 1847 619 1888 esse
638 1831 821 1890 incolumem.
863 1831 938 1890 Item
959 1830 1000 1888 M.
1016 1829 1122 1888 Metius
1142 1850 1189 1890 re·

198 1939 297 2004 pertus
325 1938 354 1989 et
380 1929 418 1987 ad
445 1947 512 1988 eum
539 1928 675 1988 reductus
702 1941 753 1989 est.
795 1935 847 1988 54.
874 1928 944 1988 Hoc'
971 1928 1080 2005 proelio
1107 1938 1188 1989 trans

199 2027 337 2086 Rhenum
363 2027 495 2086 nuntiato
529 2025 625 2098 Suebi,
653 2027 702 2104 qui
734 2027 772 2087 ad
804 2029 881 2103 ripas
910 2025 1005 2086 Rheni
1038 2038 1186 2098 venerant,

199 2127 319 2185 domum
333 2127 434 2185 reverti
454 2135 612 2203 coeperunt
622 2143 631 2196 ς
653 2144 727 2202 quos
741 2126 818 2199 Ubii,
834 2126 883 2204 qui
902 2127 1028 2203 proximi
1048 2126 1188 2188 Rhenum

155 2249 185 2284 πο
197 2224 335 2294 incolunt,
369 2225 533 2300 perterritos
568 2224 690 2308 insecuti
723 2243 866 2300 magnum
897 2243 933 2282 ex
965 2225 1000 2284 iis
1033 2239 1187 2286 numerum

197 2321 373 2381 occidenmt.
431 2320 539 2380 Caesar
565 2329 624 2378 una¹
651 2331 760 2380 aestate
790 2322 905 2382 duobus
937 2324 1070 2382 maximis
1103 2324 1187 2386 bellis

197 2418 336 2479 conlectis
356 2418 492 2476 maturius
513 2417 609 2493 paulo,
630 2435 719 2495 quam
740 2427 853 2493 tempus
875 2421 943 2476 anni
963 2420 1136 2494 postulabat,
1155 2423 1187 2480 in

195 2517 316 2576 hiberna
336 2516 365 2573 in
386 2514 538 2592 Sequanos
553 2517 709 2574 exercitum
724 2515 858 2588 deduxit3
880 2515 1007 2576 hibernis
1021 2516 1195 2579 Labienum¹

195 2615 380 2692 praeposuit;
401 2614 508 2691 ipsein
522 2613 682 2674 citeriorem
697 2613 822 2674 Galliam
831 2613 869 2674 ad
879 2625 1040 2676 conventus
1052 2619 1183 2695 agendos

154 2743 182 2796 2¹5
195 2713 408 2789 profectus-est.
