2650 3918
201 174 263 244 154
404 159 407 166 “
493 162 495 166 ’
521 159 551 226 c.
574 175 667 224 zuar]
690 171 863 224 cassinis
1134 172 1192 216 v11.

197 334 296 396 tatem,
308 309 383 402 quae
395 326 583 385 certissimam
598 324 709 385 Galliae
724 324 874 382 victoriam
888 320 1014 380 detineat
1021 339 1029 393 ;
1050 319 1111 379 eius
1126 324 1194 378 auc-

198 425 312 483 toritate
333 425 458 500 reliquas
480 425 624 484 contineri
630 443 638 496 ;
668 442 727 500 qua
747 423 880 481 traducta
900 420 998 480 locum
1015 419 1194 478 consistendi

199 520 342 581 Romanis
356 523 385 580 in
396 522 489 581 Gallia
497 541 558 582 non
570 522 640 582 fore.
682 521 756 580 Esse
765 519 910 580 nonnullo
921 537 953 578 se
965 517 1097 576 Caesaris
1106 518 1194 574 bene-

198 619 265 679 ficio
285 620 431 694 affectum,
447 623 488 681 sic
506 632 613 692 tamen,
633 631 665 681 ut
686 620 874 679 iustissimam
891 617 970 694 apud
990 635 1058 675 eum
1075 633 1194 674 causam

170 729 183 780 5
199 719 353 778 obtinuerit
362 739 371 792 ;
397 721 450 779 sed
468 720 533 796 plus
550 719 699 778 communi
720 717 842 776 libertati
861 716 993 774 tribuere.
1036 714 1097 774 Cur
1115 714 1193 772 enim

198 818 295 894 potius
317 818 413 878 Aedui
438 819 476 878 do
496 837 550 878 suo
571 819 632 876 iure
654 827 683 876 et
704 818 740 876 de
764 816 877 892 legibus
899 815 936 873 ad
958 814 1114 873 Caesarem
1136 813 1194 872 dis-

198 922 384 988 ceptatorem,
409 931 497 990 quam
525 911 654 971 Romani
681 912 719 970 ad
743 911 869 969 Aeduos
891 908 1023 967 veniant?
1056 906 1195 966 Celeriter

197 1010 430 1071 adulescentibus
450 1022 479 1070 et
498 1011 630 1070 oratione
649 1011 835 1086 magistratus
853 1018 882 1066 et
902 1006 1032 1084 praemio
1053 1005 1193 1076 deductis,

198 1126 265 1168 cum
290 1128 321 1168 se
346 1109 390 1168 vel
414 1110 560 1186 principes
585 1109 646 1168 eius
669 1109 782 1168 consilii
803 1107 865 1166 fore
889 1105 1099 1183 profiterentur,
1120 1105 1193 1162 ratio

154 1228 183 1263 ιο
197 1207 364 1282 perficiendi
388 1208 587 1284 quaerebatur,
613 1206 694 1284 quod
718 1208 863 1265 civitatem
886 1215 995 1264 temere
1019 1203 1057 1261 ad
1081 1203 1192 1278 suscip-

196 1303 313 1362 iendum
341 1305 449 1364 bellum
476 1305 581 1364 adduci
609 1323 697 1381 posse
725 1324 787 1365 non
821 1304 1015 1364 confidebant
1071 1301 1190 1372 Placuit,

196 1401 237 1458 uti
258 1400 420 1460 Litaviccus
441 1402 543 1461 decem
566 1401 620 1460 illis
641 1401 765 1473 milibus,
786 1420 867 1478 quae
883 1400 1000 1461 Caesari
1022 1398 1059 1458 ad
1083 1397 1191 1456 bellum

196 1498 383 1569 mitterentur,
412 1501 613 1576 praeficeretur
644 1510 730 1577 atque
758 1519 793 1559 ea
824 1500 960 1559 ducenda
986 1507 1106 1568 curaret,
1134 1494 1190 1554 fra·

196 1606 311 1672 tresque
345 1597 407 1656 eius
442 1599 480 1656 ad
511 1597 669 1657 Caesarem
701 1608 923 1674 praecurrerent
977 1597 1102 1674 Reliqua
1133 1611 1191 1670 qua

151 1718 180 1768 15
196 1696 308 1754 ratione
339 1697 387 1772 agi
416 1695 538 1772 placeat,
567 1696 753 1755 constituunt.
797 1702 849 1755 38.
875 1696 1038 1756 Litaviccus
1067 1701 1190 1768 accepto

195 1795 330 1865 exercitu,
342 1813 409 1854 cum
423 1794 501 1852 milia
514 1812 654 1871 passuum
665 1794 776 1852 circiter
790 1813 847 1852 xxx
858 1795 894 1852 ab
909 1794 1055 1871 Gergovia
1067 1793 1190 1860 abesset,

196 1894 362 1952 convocatis
384 1893 479 1952 subito
501 1893 637 1950 militibus
658 1893 827 1951 lacrimans:
856 1893 948 1965 ‘Quo
963 1887 1190 1970 proficiscimur,’

195 1993 296 2069 inquit,
322 1991 461 2050 ‘militesi
504 1990 610 2051 Omnis
638 1993 915 2071 nosteraequitatus,
938 1992 1034 2050 omnis
1055 1988 1191 2048 nobilitas

194 2091 316 2164 interiit3
345 2091 490 2168 principes
512 2090 639 2159 civitatis,
661 2089 848 2166 Eporedorix·
866 2101 894 2150 et
915 2075 1123 2160 lliridomarus,
1146 2091 1190 2147 in·

150 2189 319 2248 insimulati
346 2188 526 2264 proditionis
555 2188 592 2246 ab
623 2187 766 2246 Romanis
796 2189 906 2248 indicta·
932 2207 1020 2248 causa
1049 2187 1190 2247 interfecti

195 2300 270 2350 sunt.
313 2288 397 2347 Haec
411 2289 449 2346 ab
462 2288 533 2364 ipsis
547 2288 725 2363 cognoscite,
739 2288 789 2363 qui
803 2307 839 2347 ex
855 2288 920 2364 ipsa
933 2288 1023 2347 caede
1037 2286 1189 2364 fugerunt:

194 2405 265 2445 nam
278 2405 336 2463 ego
351 2386 484 2444 fratribus
502 2394 588 2460 atque
602 2386 738 2444 omnibus
753 2387 826 2445 meis
844 2387 1014 2463 propinquis
1033 2386 1190 2446 interfectis

195 2485 295 2544 dolore
320 2484 485 2561 prohibeor,
510 2501 585 2558 quae
609 2493 692 2559 gesta
716 2494 790 2555 sunt,
816 2484 1020 2562 pronuntiare!
1061 2485 1191 2545 Produc·

194 2592 281 2641 untur
302 2582 329 2654 ii,
350 2600 425 2657 quos
445 2582 491 2640 ille
511 2582 676 2653 edocuerat,
697 2601 772 2659 quae
791 2584 847 2643 dici
866 2584 957 2656 vellet,
972 2594 1058 2661 atque
1077 2584 1189 2656 eadem,

151 2702 180 2752 25
195 2698 270 2756 quae
281 2679 443 2739 Litaviccus
455 2679 696 2756 pronuntiaverat,
708 2681 881 2740 multitudini
892 2692 1059 2759 exponunt:
1078 2683 1190 2760 equites

194 2777 365 2838 Aeduorum
392 2777 565 2849 interfectos,
591 2779 672 2855 quod
696 2779 830 2839 collocuti
858 2799 926 2840 cum
949 2780 1085 2840 Arvernis
1114 2781 1190 2841 dice·
1287 2767 1292 2776 ¹

194 2864 310 2947 rentur3
354 2875 435 2951 ipsos
470 2893 501 2934 se
529 2877 602 2933 inter
630 2876 844 2936 multitudinem
872 2878 994 2938 militum
1028 2880 1190 2939 occultasse

194 2982 281 3049 atque
315 2991 351 3031 ex
386 2973 482 3032 media
517 2976 606 3037 caede
641 2975 758 3052 fugisse.
805 2974 998 3035 Conclamant
1031 2977 1126 3035 Aedui
1161 2988 1191 3038 et

194 3069 371 3131 Litaviccum
399 3073 561 3140 obsecrant,
582 3085 614 3133 ut
641 3074 696 3133 sibi
724 3074 863 3132 consulat.
907 3074 1017 3147 ‘Quasi
1038 3075 1123 3148 ver0,'
1145 3076 1189 3134 in·

150 3193 181 3241 30
194 3169 256 3245 <quit
276 3168 332 3241 ille,
351 3170 479 3228 ‘consilii
501 3172 537 3229 sit
556 3190 612 3244 res,
632 3191 672 3231 ac
688 3189 749 3230 non
770 3189 891 3233 necesse
912 3174 948 3232 sit
969 3174 1055 3233 nobis
1076 3174 1191 3252 Gergo-

194 3267 269 3324 viam
304 3268 480 3327 contendere
515 3278 545 3328 et
578 3289 645 3329 cum
679 3271 822 3330 Arvemis
852 3279 967 3330 nosmet
1002 3272 1187 3349 coniungere.

194 3361 243 3422 An
277 3363 451 3437 dubitamus,
480 3368 549 3443 quin
584 3369 702 3428 nefario
728 3369 856 3428 facinore
891 3369 1020 3429 admisso
1060 3370 1189 3431 Romani

194 3455 252 3516 iam
272 3461 313 3520 ad
331 3481 385 3524 nos
406 3465 619 3528 interficiendos
640 3470 833 3530 concurrant?
862 3468 996 3540 Proinde,
1018 3469 1043 3527 si
1064 3469 1134 3546 quid
1158 3472 1189 3530 in
