2650 3918
139 189 280 275 38-40.
368 201 416 249 nn
436 201 546 250 narro
570 199 720 250 unrrrco
742 200 853 250 comm.
881 201 943 251 vn.
1081 181 1142 268 5155

138 353 226 412 nobis
254 353 344 411 animi
368 362 420 423 est,
445 371 655 429 persequamur
679 370 781 410 eorum
809 361 946 423 mortem,
972 352 1021 429 qui
1048 346 1142 426 indig-

139 453 259 512 nissime
299 453 477 522 interierunt,
519 461 606 527 atque
648 450 703 509 hos
747 451 874 510 latrones
917 449 1141 509 interficiamus!

140 550 275 610 Ostendit
307 553 394 610 cives
419 550 582 621 Romanos
610 551 661 626 qui
689 550 751 608 eius
784 550 919 626 praesidii
947 549 1052 608 fiducia
1082 565 1142 607 una

139 659 237 709 erant:
266 668 408 726 magnum
433 667 586 708 numerum
611 648 747 706 frumenti
772 658 1009 724 commeatusque
1037 648 1142 723 diripit,

139 747 221 824 ipsos
242 748 393 807 crudeliter
414 747 594 807 excruciatos
617 747 757 804 interficit.
800 745 929 804 Nuntios
948 755 1010 805 tota
1029 745 1170 808 civitates

139 844 312 904 Aeduorum
331 845 588 917 'dimittit,''eodem
614 844 769 903 mendacio
794 844 831 904 de
852 845 942 903 caede
963 845 1092 920 equitum
1114 852 1142 902 et

139 943 304 1020 principum
324 935 493 1020 permovet3
516 943 654 1015 hortatur,
673 955 705 1001 ut
726 943 810 1002 simili
832 943 953 1013 ratione,
973 952 1059 1018 atque
1078 942 1141 1018 ipse

138 1041 248 1112 fecerit,
263 1060 331 1101 suas
345 1042 462 1100 iniurias
480 1051 698 1118 persequantur.
741 1047 794 1101 39.
816 1041 999 1117 Eporedorix
1013 1039 1141 1112 Aeduus,

140 1157 256 1198 summo
281 1139 349 1198 loco
370 1147 456 1197 natus
478 1139 650 1198 adulescens
671 1150 700 1198 et
725 1157 856 1198 summae
880 1139 962 1199 domi
986 1139 1140 1214 potentiae,

139 1247 169 1296 et
189 1256 248 1296 una
271 1237 481 1307 Viridomarus,
504 1238 565 1313 pari
587 1247 680 1296 aetate
702 1247 731 1296 et
751 1239 852 1313 gratia,
875 1236 926 1296 sed
951 1255 1059 1313 genere
1084 1236 1141 1295 dis·
1157 1249 1187 1284 10

139 1337 210 1413 pari,
226 1354 313 1413 quem
328 1335 436 1395 Caesar
455 1336 492 1393 ab
512 1334 656 1395 Divitiaoo
675 1336 730 1394 sibi
749 1336 885 1394 traditum
900 1354 936 1394 ex
955 1334 1056 1393 humili
1074 1335 1142 1394 loco

139 1435 178 1492 ad
210 1452 355 1494 summam
386 1433 558 1510 dignitatem
590 1434 771 1510 perduxerat,
799 1434 830 1492 in
858 1434 989 1510 equitum
1019 1450 1142 1492 numero

139 1542 335 1602 convenerant
356 1533 535 1592 nominatim
551 1533 592 1590 ab¹
616 1549 652 1591 eo
674 1533 793 1591 evocati.
836 1531 894 1590 His
922 1541 982 1590 erat
1009 1532 1083 1590 inter
1110 1549 1141 1590 se

139 1632 177 1691 de
205 1633 371 1709 principatu
398 1632 556 1703 contentio,
585 1640 613 1690 et
641 1631 670 1689 in
698 1631 746 1688 illa
773 1631 994 1707 magistratuum
1023 1640 1142 1689 contro·

139 1732 232 1790 versia
266 1732 336 1790 alter
370 1749 432 1807 pror
460 1729 688 1801 Convictolitavi,
722 1731 793 1788 alter
826 1749 879 1806 pro
911 1729 988 1790 Coto
1020 1731 1141 1789 summis
1158 1747 1187 1797 15

139 1829 245 1906 opibus
273 1837 480 1907 pugnaverant.
522 1828 568 1886 Ex
592 1828 637 1887 his
658 1826 844 1904 Eporedorirr
863 1829 982 1904 cognito
1004 1828 1141 1887 Litavicci

139 1929 261 1988 consilio
284 1927 382 1988 media
406 1927 465 1986 fere
489 1935 576 1986 nocte
601 1944 663 1984 rem
688 1926 726 1985 ad
750 1925 907 1985 Caesarem
929 1925 1036 1998 delert;
1066 1936 1138 1998 orat,

138 2043 177 2084 ne
212 2026 337 2102 patiatur
372 2026 516 2084 civitatem
551 2024 646 2100 pravis
681 2024 908 2082 adulescentium
943 2024 1069 2084 consiliis
1104 2027 1141 2084 ab

139 2125 266 2186 amicitia
287 2124 388 2202 populi
410 2123 544 2182 Romani·
564 2122 708 2194 deficere,
734 2122 815 2198 quod
836 2121 962 2180 futurum
983 2123 1140 2198 provideat,

140 2225 164 2284 si
202 2242 234 2283 se
269 2232 312 2282 tot
349 2222 502 2280 hominum
539 2220 623 2278 milia·
656 2237 728 2278 cum
761 2219 894 2279 hostibus
929 2221 1140 2294 coniunxerint,
1157 2251 1188 2286 20

139 2341 265 2400 quorum
294 2321 415 2380 salutem
440 2337 536 2395 neque
561 2318 717 2395 propinqui
741 2317 896 2394 neglegere
921 2336 1017 2394 neque
1042 2320 1141 2380 civitas

139 2423 194 2482 levi
213 2431 365 2481 momento
379 2420 531 2478 aestimare
546 2427 653 2494 posset
696 2421 751 2478 40.
772 2416 887 2492 Magna
906 2417 1026 2476 affectus
1046 2418 1141 2478 sollie-

138 2520 250 2579 itudine
271 2520 328 2578 hoc
347 2519 450 2578 nuntio
471 2517 589 2587 Caesar,
610 2515 690 2592 quod
710 2533 825 2591 semper
843 2515 1014 2578 Aeduomm
1035 2517 1141 2577 civitati

139 2620 296 2696 praecipue
322 2617 489 2686 indulserat,
508 2615 590 2674 'nulla
614 2614 784 2691 interposita
805 2613 984 2674 dubitatione
1009 2615 1140 2692 legiones

139 2717 291 2794 expeditas
316 2725 451 2792 quattuor
475 2714 692 2790 equitatumque
714 2731 839 2772 omnem·
856 2731 895 2771 en
913 2714 1014 2773 castris
1035 2716 1139 2788 educit,
1156 2737 1186 2786 25

139 2835 196 2875 nec
218 2815 271 2873 luit
291 2816 416 2891 spatium
437 2813 486 2872 tali
506 2822 639 2888 tempore
661 2811 698 2870 ad
720 2812 918 2890 contrahenda
939 2822 1040 2884 castra,
1060 2813 1141 2890 quod

139 2934 187 2974 res
209 2914 305 2991 posita
329 2914 358 2971 in
380 2912 524 2972 celeritate
544 2911 716 2969 videbatur
738 2909 845 2969 Gaium
866 2909 988 2970 Fabium
1013 2911 1140 2986 legatum

140 3032 209 3074 cum
230 3012 394 3088 legionibus
415 3010 528 3070 duabus
550 3009 650 3067 castris
671 3008 816 3084 praesidio
840 3008 982 3086 relinquit.
1024 3008 1139 3067 Fratres

140 3111 277 3170 Litavicci
298 3128 365 3168 cum
387 3107 596 3185 comprehendi
616 3106 754 3178 iussisset,
777 3106 865 3182 paulo
885 3117 952 3166 ante
977 3107 1081 3183 reperit
1101 3106 1140 3165 ad

140 3210 239 3268 hostes
261 3207 378 3282 fugisse.
419 3205 601 3264 Adhortatus
625 3204 739 3276 milites,
761 3223 798 3263 ne
823 3205 987 3264 necessario
1009 3213 1139 3278 tempore
1153 3229 1185 3279 30

139 3307 248 3366 itineris
278 3306 378 3365 labore
409 3312 640 3380 permoveantur,
672 3302 866 3379 cupidissimis
901 3302 1037 3362 omnibus
1071 3319 1139 3377 pro-

140 3422 257 3480 gressus
278 3403 357 3462 milia
380 3405 519 3479 passuum'
544 3419 602 3460 xxv
627 3419 735 3476 agmen
756 3400 927 3460 Aeduorum
952 3399 1140 3476 conspicatus

140 3503 273 3566 immisso
295 3503 425 3579 equitatu
449 3501 503 3559 iter
527 3517 629 3559 eorum
650 3510 780 3558 moratur
800 3510 886 3576 atque
910 3497 1032 3575 impedit
1054 3499 1142 3567 intere
