2686 3910
148 215 242 299 3-6.
336 232 382 278 na
403 232 513 279 sarno
537 216 689 280 cxrrroo
712 231 823 280 oorrrr.
851 231 927 280 vrrr.
1084 211 1121 275 18
1124 225 1144 293 5

147 353 226 414 docti
252 355 395 415 Carnutes
416 356 537 415 desertis
561 356 632 416 vicis
656 356 842 433 oppidisque,
870 373 945 432 quae
974 351 1143 412 tolerandae

146 455 251 514 hiemis
280 474 369 515 causa
397 457 559 516 conbtitutis
587 467 706 534 repente
732 456 844 534 exiguis
872 456 910 515 ad
938 453 1142 513 necessitatem

146 554 284 613 aedificiis
312 555 479 615 incolebant
500 557 606 635 (nuper
627 557 705 615 enim
730 556 832 615 devicti
857 554 1008 630 complura
1033 551 1143 628 oppida

146 651 338 730 dimiserant),
373 653 496 730 dispersi
526 654 704 732 profugiunt.
747 654 856 714 Caesar
887 660 1073 728 erumpentes
1106 666 1142 707 eo

145 752 274 808 maxime
292 761 424 828 tempore
444 754 599 812 acerrimas
618 763 805 830 tempestates
827 771 895 811 cum
918 751 1015 810 subire
1036 749 1171 812 milites5

145 849 245 920 nollet,
267 851 298 907 in
319 850 430 927 oppido
454 849 616 910 Carnutum
638 852 761 911 Cenabo
783 861 879 911 eastra
900 851 985 928 ponit
1005 857 1091 924 atque
1112 847 1142 904 in

145 958 224 1007 tecta
258 949 362 1025 partim
398 949 559 1022 Gallorum,
594 951 699 1028 partim
732 969 807 1027 quae
843 950 982 1009 coniectis
1014 947 1143 1007 celeriter

146 1048 311 1106 stramentis
336 1049 529 1108 tentoriorum
556 1049 781 1125 integendorum
807 1049 900 1124 gratia
924 1057 1004 1106 erant
1032 1045 1141 1104 inaedi-

144 1145 239 1216 ficata,
274 1146 379 1204 milites
414 1149 552 1223 contegit.
615 1149 737 1225 Equites
773 1157 872 1207 tamen
911 1156 939 1206 et
978 1145 1142 1206 auxiliarios

144 1243 258 1318 pedites
272 1245 302 1302 in
317 1262 421 1303 omnes
441 1257 538 1322 partes
555 1248 649 1318 mittit,
664 1265 864 1324 quascumque
878 1247 985 1322 petisse
1005 1244 1142 1302 diceban·
1160 1267 1189 1302 ιο

143 1351 191 1400 tur
218 1341 334 1414 hostes;
368 1361 422 1402 nec
451 1344 572 1404 frustra:
604 1365 674 1404 nam
701 1347 872 1422 plerumque
900 1361 1008 1419 magna
1034 1340 1143 1418 praeda

144 1441 230 1516 potiti
245 1441 335 1499 nostri
354 1451 543 1502 revertuntur.
586 1443 727 1521 Oppressi
743 1443 885 1503 Carnutes
903 1443 1005 1501 hiemis
1023 1439 1142 1500 difficul-

143 1549 212 1609 tate,
234 1549 343 1598 terrore
364 1542 492 1617 periculi,
511 1562 579 1602 cum
601 1545 683 1602 tectis
705 1544 819 1620 expulsi
843 1541 923 1600 nullo
945 1542 1013 1599 loco
1035 1539 1142 1598 diutius

144 1639 302 1698 consistere
332 1640 472 1701 auderent
496 1659 550 1700 nec
579 1643 715 1700 silvarum
747 1642 893 1717 praesidio
921 1639 1142 1716 tempestatibus

145 1737 307 1796 durissimis
321 1739 379 1814 tegi
393 1750 523 1814 possent,
539 1742 661 1817 dispersi
676 1759 784 1817 magna
802 1751 884 1818 parte
899 1740 1007 1799 amissa
1022 1755 1141 1796 suorum
1158 1761 1186 1811 15

145 1837 322 1911 dissipantur
336 1837 366 1894 in
380 1838 517 1898 finitimas
532 1840 670 1899 civitates.

187 1941 215 1992 6.
239 1934 349 1994 Caesar
376 1945 507 2014 tempore
532 1941 602 1998 anni
627 1939 794 1998 difficillimo
822 1956 890 1997 cum
920 1937 989 1996 satis
1023 1935 1142 1993 haberet

145 2035 353 2093 convenientes
369 2055 473 2096 manus
488 2038 637 2114 dissipare,
653 2057 690 2096 ne
705 2037 786 2115 quod
800 2037 913 2095 initium
927 2035 995 2093 belli
1010 2051 1142 2091 nascere-

145 2145 199 2207 tur,
222 2145 422 2211 quantumque
444 2137 606 2197 iuratione
631 2147 715 2207 esset,
742 2137 924 2213 exploratum
948 2134 1067 2192 haberet
1090 2132 1144 2190 sub

145 2241 261 2308 tempus
282 2233 457 2292 aestivorum
478 2234 590 2293 nullum
608 2251 755 2293 summum
774 2235 883 2293 bellum
905 2251 993 2309 posse
1015 2230 1144 2300 conflari,
1159 2259 1190 2294 20

146 2328 254 2389 Gaium
270 2331 452 2390 Trebonium
464 2351 532 2391 cum
546 2333 660 2392 duabus
669 2334 842 2408 legionibus,
853 2351 927 2408 quas
942 2350 1042 2390 secum
1057 2330 1145 2388 habe-

144 2430 203 2500 bat,
213 2429 243 2486 in
251 2428 380 2488 hibernis
389 2429 501 2489 Cenabi
510 2431 673 2490 collocavit:
685 2432 748 2507 ipse
757 2451 824 2490 cum
835 2431 943 2490 crebris
952 2430 1145 2507 legationibus

146 2525 309 2586 Remorum
331 2529 437 2587 certior
457 2529 538 2588 fieret
560 2530 740 2601 Bellovacos
767 2531 816 2608 qui
838 2531 905 2590 belli
926 2530 1019 2606 gloria
1044 2529 1145 2588 Gallos

146 2644 251 2684 omnes
265 2613 430 2703 Belgasque
445 2631 641 2704 praestabant,
656 2630 850 2707 finitimasque
864 2630 909 2688 his
929 2629 1056 2688 civitates
1072 2628 1145 2686 duce

116 2721 119 2726 ’
148 2723 263 2783 Correo
281 2723 437 2784 Bellovaco
458 2738 487 2785 et
505 2727 643 2786 Commio
658 2728 795 2786 Atrebate
811 2729 952 2787 exercitus
974 2745 1144 2803 comparare
1159 2762 1188 2811 25

144 2831 235 2898 atque
257 2822 400 2896 inunum
420 2823 519 2883 locum
537 2844 651 2902 cogere,
670 2835 702 2884 ut
719 2828 801 2886 omni
821 2827 1002 2886 multitudine
1019 2827 1050 2885 in
1071 2826 1144 2883 fines

145 2919 349 2992 Suessionum,
379 2923 428 2997 qui
458 2922 560 2982 Remis
585 2934 668 2983 erant
692 2926 829 2996 attributi,
854 2925 983 2984 facerent
1007 2925 1144 3000 impress-

144 3019 255 3089 ionem,
270 3020 413 3094 pertinere
428 3031 525 3080 autem
540 3041 602 3080 non
617 3032 730 3081 tantum
744 3023 781 3082 ad
796 3023 975 3098 dignitatem,
991 3011 1143 3081 sedetiam

145 3120 181 3178 ad
217 3117 341 3176 salutem
375 3138 458 3178 suam
493 3121 640 3193 iudicaret,
676 3122 785 3180 nullam
820 3121 1011 3180 calamitatem
1047 3118 1143 3178 socios

144 3217 255 3293 optime
275 3216 312 3275 de
332 3219 479 3294 republica
497 3221 617 3278 meritos
634 3221 774 3296 accipere,
793 3220 939 3295 legionem
959 3236 994 3275 ex
1014 3216 1142 3274 hibernis
1155 3247 1188 3294 30

145 3324 247 3373 evocat
265 3333 364 3374 rursus
383 3333 426 3386 xr,
452 3316 561 3375 litteras
584 3327 682 3375 autem
706 3318 744 3375 ad
765 3316 873 3376 Gaium
901 3315 1022 3372 Fabium
1047 3312 1141 3382 mittit,

145 3423 176 3472 ut
193 3411 224 3470 in
239 3415 313 3474 fines
335 3413 527 3472 Suessionum
546 3416 676 3491 legiones
694 3416 775 3486 duaS,
790 3432 863 3490 quas
883 3411 1017 3479 habebat,
1033 3409 1141 3468 adduc-

146 3524 215 3588 eret,
250 3516 429 3590 alteramque
463 3533 500 3573 ex
530 3515 643 3573 duabus
678 3516 716 3574 ab
743 3513 875 3572 Labieno
910 3509 1036 3568 arcessit.
1086 3507 1140 3581 Ita,
