2630 3916
112 198 208 286 6-9.
348 215 395 263 DE
417 214 528 264 uncto
550 214 708 266 sitalco
725 215 838 266 cOMM.
861 217 903 268 II.
993 211 998 219 ’
1070 220 1113 290 37

110 361 227 424 milibus
248 382 389 442 passuum
409 376 477 426 octo
502 366 736 426 inlatitudinem
759 367 907 445 patebant.
951 373 981 426 8.
1003 367 1114 428 Caesar

109 462 206 538 primo
226 473 256 522 et
274 474 394 540 propter
411 464 625 524 multitudinem
643 465 772 524 hostium
792 475 820 529 et
839 475 959 542 propter
977 467 1114 526 eximiam

109 561 283 638 opinionem
297 563 407 621 virtutis
424 563 534 639 proelio
552 564 742 640 supersedere
757 565 854 623 statuit
862 583 870 637 ς
892 565 1000 624 cotidie
1014 573 1114 623 tamen

26 715 28 721 ,
110 661 295 737 equestribus
314 661 442 738 proeliis
456 663 528 739 quid
545 662 638 721 hostis
656 661 760 721 virtute
773 667 875 740 posset
889 673 918 721 et
932 663 1002 740 quid
1021 663 1114 723 nostri

110 759 259 831 auderent,
280 759 504 835 periclitabatur.
546 759 606 819 Ubi
634 769 752 819 nostros
780 779 842 820 non
869 779 935 820 esse
962 761 1141 827 inferioress

110 857 258 929 intellexit,
281 859 348 916 loco
376 875 431 934 pro
459 859 563 917 castris
591 858 629 916 ad
657 858 751 917 aciem
780 859 983 918 instruendam
1011 869 1115 920 natura
1239 847 1240 857 ¹

75 1003 79 1024 ,
110 964 279 1034 opportuno
302 967 393 1033 atque
417 956 535 1028 idoneo,
556 957 638 1034 quod
662 957 687 1016 is
712 957 802 1028 collis,
826 958 878 1016 ubi
898 967 993 1017 castra
1017 958 1115 1034 posita

109 1065 201 1128 erant,
233 1055 383 1131 paululum
418 1073 454 1112 ex
473 1037 611 1131 'planicie
642 1053 735 1115 editus
770 1064 884 1114 tantum
915 1056 1052 1118 adversus
1083 1058 1114 1114 in

109 1153 293 1212 latitudinem
313 1153 441 1230 patebat,
463 1162 606 1230 quantum
626 1153 684 1212 loci
705 1153 783 1212 acies
808 1153 949 1213 instructa
968 1171 1114 1231 occupare

103 1261 233 1328 poterat,
255 1260 342 1328 atque
364 1270 400 1310 ex
420 1259 543 1327 utraque
564 1259 646 1327 parte
666 1251 762 1310 lateris
788 1251 918 1311 deiectus
938 1251 1065 1311 habebat
1085 1262 1115 1312 et
1129 1269 1159 1304 10

101 1351 140 1409 in
151 1350 279 1409 frontem
293 1349 395 1408 leniter
404 1349 558 1426 fastigatus
573 1350 713 1425 paulatim
725 1349 762 1408 ad
776 1350 933 1426 planiciem
944 1351 1065 1424 redibat,
1076 1351 1114 1410 ab

110 1459 234 1526 utroque
249 1449 338 1506 latere
353 1449 415 1508 eius
430 1448 512 1507 collis
526 1458 723 1507 transversam
737 1447 850 1507 fossam
867 1449 989 1508 obduxit
1003 1451 1115 1508 circiter

110 1566 251 1625 passuum
262 1547 542 1624 quadringentorum
554 1556 583 1606 et
594 1546 632 1605 a'd
645 1555 791 1605 extremas
805 1545 901 1605 fossas
913 1547 1032 1607 castella
1042 1566 1114 1607 con-

110 1647 199 1706 stituit
215 1647 313 1722 ibique
327 1654 474 1705 tormenta
488 1646 651 1716 collocavit,
666 1663 714 1717 ne,
730 1663 798 1704 cum
816 1646 909 1704 aciem
923 1645 1114 1719 instruxisset,

101 1745 220 1817 ¹hostes,
252 1745 333 1822 quod
369 1753 483 1803 tantum
514 1744 698 1803 multitudine
729 1753 873 1820 poterant,
905 1745 944 1802 ab
978 1745 1115 1806 lateribus
1129 1760 1158 1810 15

108 1855 276 1922 pugnantes
305 1861 373 1904 suos
402 1845 611 1902 circumvenire
636 1853 767 1919 possent.
810 1842 880 1902 Hoc
901 1842 979 1903 facto
1000 1845 1114 1905 duabus

108 1944 284 2020 legionibus,
309 1961 382 2021 quas
410 1943 545 2019 proxime
570 1942 794 2018 conscripserat,
819 1943 850 2000 in
875 1942 976 2002 castris
999 1944 1113 2017 relictis

109 2053 150 2114 ut,
173 2043 199 2100 si
222 2060 282 2119 quo
307 2059 384 2118 opus
409 2049 495 2112 esset,
510 2040 642 2099 subsidio
667 2041 734 2099 duci
759 2049 889 2116 possent,
913 2040 1037 2117 reliquas
1062 2060 1114 2100 sex

108 2141 242 2217 legiones
263 2156 318 2217 pro
342 2139 443 2198 castris
467 2139 499 2196 in
523 2138 586 2197 acie
607 2138 764 2197 constituit.
805 2137 920 2197 ‘Hostes
948 2139 1018 2196 item
1046 2157 1114 2198 suas

110 2239 211 2315 copias
230 2256 267 2296 ex
292 2237 392 2297 castris
412 2238 532 2296 eductas
556 2237 759 2294 instruxerant.
803 2243 833 2296 9.
856 2235 943 2296 Palus
967 2246 1029 2296 erat
1052 2256 1114 2297 non
1129 2252 1160 2288 ²0

109 2356 218 2414 magna
243 2337 318 2394 inter
342 2345 476 2394 nostrum
502 2343 589 2412 atque
610 2334 739 2393 hostium
760 2335 928 2394 exercitum.
973 2334 1061 2396 Hanc
1090 2337 1115 2396 si

109 2437 202 2496 nostri
227 2435 391 2506 transirent,
413 2434 513 2493 hostes
534 2435 763 2510 exspectabant;
788 2435 881 2493 nostri
902 2444 1008 2506 autem,
1031 2436 1056 2494 si
1076 2436 1114 2495 ab

108 2536 163 2595 illis
189 2535 304 2594 initium
328 2533 498 2592 transeundi
522 2533 611 2604 fieret,
636 2542 669 2591 ut
692 2531 852 2609 impeditos
877 2534 1114 2609 aggrederentur,

108 2635 204 2714 parati
223 2634 255 2692 in
276 2633 364 2692 armis
385 2641 476 2691 erant.
519 2631 640 2690 Interim
660 2631 773 2707 proelio
795 2633 922 2708 equestri
946 2632 1020 2690 inter
1041 2633 1114 2692 duas

108 2735 188 2800 acies
209 2732 451 2791 contendebatur.
492 2729 553 2788 Ubi
569 2730 663 2788 neutri
680 2729 850 2788 transeundi
867 2729 980 2788 initium
994 2728 1112 2805 faciunt,
1128 2750 1158 2801 ²5

107 2831 283 2894 secundiore
307 2831 438 2908 equitum
464 2829 577 2906 proelio
605 2831 712 2886 nostris
736 2826 847 2887 Caesar
871 2846 941 2888 suos
965 2827 996 2886 in
1020 2840 1114 2891 castra

107 2931 231 2992 reduxit.
275 2928 386 2988 Hostes
411 2928 544 3005 protinus
566 2945 603 2985 ex
624 2945 661 2986 eo
686 2928 753 2986 loco
779 2928 818 2986 ad
840 2928 952 2986 flumen
975 2929 1114 2988 Axonam

107 3029 333 3099 contenderunt,
355 3027 436 3104 quod
457 3045 521 3086 esse
546 3035 614 3102 post
638 3034 739 3084 nostra
764 3034 858 3084 castra
882 3025 1113 3087 demonstratum

107 3139 159 3189 est.
203 3127 251 3186 Ibi
271 3126 353 3186 vadis
374 3126 496 3201 repertis
516 3133 630 3201 partem
651 3141 768 3182 suarum
791 3125 942 3200 copiarum
962 3127 1112 3184 traducere

107 3227 207 3288 conati
222 3235 290 3285 sunt
304 3242 341 3283 eo
356 3223 487 3294 consili0,
502 3232 542 3294 ut,
557 3223 582 3281 si
598 3229 730 3298 possent,
745 3222 904 3294 castellum,
919 3224 965 3282 cui
980 3234 1112 3300 praeerat
1124 3243 1156 3291 30

107 3327 253 3402 Quintus·
269 3323 400 3384 Titurius
431 3322 553 3398 legatus
581 3329 783 3398 expugnarent
814 3330 992 3397 pontemque
1022 3321 1111 3380 inter·

107 3425 278 3486 scinderent
286 3443 294 3496 ;
319 3421 454 3481 siminus
469 3420 642 3496 potuissent,
657 3438 744 3496 agros
759 3418 919 3478 Remorum
936 3419 1110 3495 popularen-

106 3535 161 3598 tur,
191 3522 243 3602 qui
270 3537 381 3597 magno
414 3519 501 3578 nobis
532 3519 605 3579 usui·
625 3519 664 3578 ad
691 3518 799 3577 bellum
830 3516 993 3593 gerendum
1019 3528 1110 3591 erant,
