2630 3916
119 193 216 275 5-8.
275 183 276 186 ’
348 205 394 252 aa
416 199 525 253 uarro
548 197 699 254 oratioe
722 204 832 255 coum
855 206 911 256 ιη.
1079 211 1121 278 53

119 356 201 432 quod
217 357 333 434 saepius
351 356 500 418 fortunam
514 368 655 437 temptare
670 357 767 418 Galba
779 357 898 418 nolebat
912 365 999 434 atque
1014 357 1071 417 alio
1090 375 1122 416 se

118 455 149 513 in
165 455 287 514 hiberna
305 457 428 516 consilio
447 457 559 516 venisse
576 459 758 530 meminerat,
775 457 838 518 aliis
856 457 1018 516 occurrisse
1035 457 1122 518 rebus

117 553 235 626 viderat,
260 556 388 618 maxime
412 556 548 615 frumenti
576 567 816 634 commeatusque
843 557 944 632 inopia
972 566 1123 632 permotus

116 663 235 728 postero
247 653 293 712 die
308 654 444 712 omnibus
459 655 521 714 eius
534 655 589 712 vici
603 653 741 714 aedificiis
756 655 882 713 incensis
896 655 927 712 in
940 654 1123 730 provinciam

115 753 218 812 reverti
233 753 383 812 contendit
397 771 431 812 ac
446 753 526 812 nullo
540 753 625 812 hoste
639 754 812 830 prohibente
825 762 875 812 aut
888 754 941 811 iter
952 753 1121 812 demorante
1136 759 1150 810 5

117 851 296 911 incolumem
314 851 462 927 legionem
482 853 514 909 in
532 852 696 924 Nantuatis
718 852 788 912 inde
805 853 837 910 in
856 847 1033 928 Allobroges
1054 870 1122 928 per·

117 948 311 1025 duxitibique
325 947 470 1008 hiemavit.

118 1089 122 1096 ·
157 1053 186 1108 7.
210 1047 268 1105 His
281 1048 369 1138 rebus
383 1047 472 1123 gestis
484 1065 552 1107 cum
563 1048 748 1106 omnibusne
761 1048 856 1107 causis
866 1046 975 1106 Caesar
986 1056 1122 1122 pacatam

57 1207 59 1214 ,
116 1145 243 1205 Galliam
271 1147 456 1218 existimaret,
487 1148 630 1222 superatis
659 1145 766 1223 Belgis,
797 1147 925 1222 expulsis
954 1144 1121 1217 Germanis

115 1245 197 1303 uictis
214 1245 245 1302 in
263 1245 386 1321 Alpibus
407 1244 541 1317 SeduniS,
561 1255 647 1321 atque
664 1245 705 1304 ita
724 1245 796 1303 inita
814 1244 910 1303 hieme
924 1245 956 1302 in
975 1243 1122 1320 Illyricum
1137 1272 1168 1310 10

114 1342 264 1420 profectus
282 1353 367 1415 esset,
383 1344 464 1419 quod
483 1361 532 1402 eas
548 1361 669 1419 quoque
689 1344 823 1402 nationes
845 1343 925 1402 adire
943 1351 971 1401 et
985 1342 1122 1417 regiones

115 1458 297 1518 cognoscere
317 1442 441 1512 volebat,
463 1443 590 1500 subitum
611 1441 720 1500 bellum
740 1442 771 1500 in
794 1440 889 1500 Gallia
910 1451 1044 1500 coortum
1065 1449 1120 1500 est.

114 1539 187 1604 Eius
216 1539 283 1598 belli
311 1540 384 1598 haee
412 1539 466 1598 fuit
495 1557 592 1598 causa.
635 1540 667 1598 P.
690 1540 815 1600 Crassus
848 1539 1019 1598 adulescens
1054 1557 1122 1599 cum
1193 1604 1198 1608 ,

114 1639 232 1714 legione
268 1638 393 1715 septima
427 1639 577 1714 proximus
612 1656 693 1697 mare
729 1638 883 1698 Oceanum
918 1639 949 1696 in
984 1637 1121 1696 Andibus

114 1737 263 1796 hiemaret.
307 1737 346 1808 Is,
366 1737 447 1812 quod
468 1737 499 1793 in
519 1736 564 1794 his
583 1736 655 1794 locis
675 1735 775 1812 inopia
794 1735 931 1795 frumenti
948 1746 1016 1807 erat,
1038 1753 1122 1811 prae-
1137 1763 1167 1812 15

114 1835 209 1896 sectos
232 1836 423 1912 tribunosque
446 1834 569 1893 militum
589 1835 754 1911 complures
779 1836 810 1893 in
832 1835 970 1894 finitimas
993 1835 1121 1893 civitates

113 1935 252 1994 frumenti
274 1953 363 1993 causa
385 1932 510 2006 dimisit;
533 1952 593 2009 quo
616 1935 648 1991 in
670 1951 793 1992 numero
816 1943 861 1992 est
885 1934 923 1992 T.
938 1933 1121 1992 Terrasidius

114 2033 222 2092 missus
250 2033 280 2090 in
302 2031 439 2102 Esubios
465 2029 508 2089 M.
523 2029 650 2089 Trebius
679 2030 781 2090 Gallus
809 2031 840 2088 in
865 2029 1066 2099 Curiosolitas,
1082 2027 1121 2100 Q.

113 2131 257 2190 Velanius
282 2149 351 2190 cum
375 2129 413 2188 T.
429 2129 500 2188 Silio
520 2128 551 2187 in
576 2128 717 2188 Venetos.
761 2135 791 2188 8.
813 2128 910 2186 Huius
931 2139 975 2186 est
1000 2126 1121 2186 civitatis

113 2230 203 2306 longe
223 2228 403 2304 amplissima
418 2227 573 2287 auctoritas
593 2227 691 2285 omnis
709 2245 777 2288 orae
792 2227 951 2285 maritimae
968 2227 1122 2303 regionum
1138 2253 1168 2290 20

114 2347 223 2400 earum,
253 2327 334 2404 quod
361 2336 390 2384 et
413 2343 502 2384 naves
525 2325 635 2383 habent
658 2325 766 2384 Veneti
789 2325 936 2402 plurimas,
962 2325 1067 2401 quibus
1091 2326 1122 2384 in

114 2425 296 2486 Britanniam
310 2425 446 2501 navigare
461 2433 647 2496 consuerunt,
662 2433 691 2482 et
711 2425 830 2483 scientia
849 2433 936 2501 atque
955 2426 1011 2482 u'su
1027 2421 1122 2482 nauti-

115 2543 216 2586 carum
232 2503 331 2583 rerum
344 2523 472 2599 reliquos
490 2523 668 2581 antecedunt
682 2533 710 2595 et
729 2523 760 2581 in
774 2541 885 2599 magno
900 2523 1013 2599 impetu
1034 2524 1122 2584 maris

113 2634 202 2700 atque
229 2632 334 2700 aperto
355 2621 457 2697 paucis
479 2619 612 2697 portibus
640 2621 806 2693 interiectis,
831 2619 910 2698 quos‘
930 2630 1031 2680 tenent
1056 2621 1121 2698 ipsi,

113 2741 222 2782 omnes
241 2721 310 2792 fere,
332 2721 382 2796 qui
403 2737 440 2778 eo
460 2720 532 2777 mari
553 2720 594 2778 uti
616 2730 804 2791 consuerunt,
825 2721 935 2780 habent
955 2720 1120 2796 vectigales.
1137 2744 1165 2796 ²5

112 2822 162 2882 Ab
177 2822 223 2880 his
241 2822 272 2880 fit
285 2821 399 2879 initium
418 2819 562 2878 retinendi
584 2819 644 2877 Silii
664 2829 751 2896 atque
765 2820 891 2889 Velanii,
906 2823 988 2896 quod
1001 2840 1054 2899 per
1068 2840 1121 2882 eos

114 2940 185 2982 suos
207 2939 239 2980 se
260 2920 388 2991 obsides,
410 2936 485 2994 quos
507 2916 614 2976 Crasso
636 2918 793 2990 dedissent,
814 2901 1025 2996 reciperaturos
1046 2922 1122 2980 exis·

113 3022 265 3079 timebant.
310 3018 429 3076 Horum
448 3017 618 3075 auctoritate
639 3016 752 3075 finitimi
766 3017 884 3077 adducti
901 3021 945 3092 (ut
959 3030 1027 3078 sunt
1042 3018 1121 3078 Gall-

113 3135 199 3178 orum
219 3119 315 3177 subita
329 3125 359 3174 et
372 3101 523 3191 repentina
538 3112 681 3192 consilia),
701 3117 805 3176 eadem
822 3116 858 3175 de
878 3135 966 3176 causa
980 3116 1121 3175 Trebium

113 3215 374 3291 Terrasidiumque
392 3214 524 3284 retinent,
547 3222 575 3271 et
594 3212 722 3271 celeriter
738 3215 834 3273 missis
855 3215 957 3290 legatis
978 3233 1029 3290 per
1050 3229 1120 3272 suos
1133 3234 1166 3282 30

113 3317 263 3394 principes
287 3315 362 3371 inter
389 3329 420 3370 se
449 3311 608 3382 coniurant,
638 3311 708 3369 nihil
736 3313 791 3371 nisi
820 3313 969 3372 communi
997 3311 1119 3370 consilio

113 3423 230 3474 aeduos
264 3409 452 3485 eundemque
479 3408 576 3466 omnis
604 3407 737 3468 fortunae
765 3411 874 3469 exitum
907 3427 970 3467 csse
1001 3408 1119 3481 laturos,

113 3513 300 3592 reliquasque
326 3508 454 3568 civitates
477 3507 639 3579 sollicitant,
662 3515 694 3594 ut
718 3508 748 3566 in
769 3526 805 3568 ea
824 3499 963 3587 libertate,
984 3526 1074 3584 quam
1102 3527 1120 3568 a
