2650 3918
198 161 258 246 156
404 193 408 201 ·
493 190 495 194 ·
522 177 550 226 c.
573 176 668 224 rurrr
689 174 861 226 cnrsnnrs
1132 177 1191 224 vu.

194 326 320 404 dicitque
334 326 479 399 omnibus,
494 346 531 385 ne
547 344 725 404 quemquam
739 326 919 384 interficiant.
961 322 1192 402 Eporedorigem

193 435 222 483 et
252 423 476 497 Viridomarum,
506 445 580 502 quos
611 425 650 484 illi
681 425 848 484 interfectos
877 423 1089 494 existimabant,
1117 423 1193 480 inter

193 521 303 597 equites
331 524 436 582 versari
466 542 592 600 suosque
621 523 766 600 appellare
797 523 884 581 iubet.
927 520 984 580 His
998 516 1137 597 'cognitis
1164 529 1193 578 et

193 619 329 680 Litavicci
344 621 443 681 fraude
462 633 615 701 perspecta
634 622 729 680 Aedui
748 640 853 681 manus
871 620 998 692 tendere,
1014 619 1193 678 deditionem

164 719 357 794 isignificare
386 731 414 778 et
441 721 576 798 proiectis
601 721 688 779 armis
711 730 838 778 mortem
866 718 1014 796 deprecari
1041 717 1192 794 incipiunt.

192 814 355 877 Litaviccus
390 836 459 877 cum
494 819 552 878 suis
587 818 747 888 clientibus,
783 819 888 893 quibus
923 834 1005 875 more
1039 815 1191 874 Gallorum

192 918 274 977 nefas
306 930 350 978 est
380 921 468 978 etiam
503 921 534 977 in
568 930 697 978 extrema
728 919 844 978 fortuna
878 918 1010 976 deserere
1040 926 1192 993 patronos,

192 1016 370 1093 Gergoviam
385 1017 519 1095 profugit.
561 1024 609 1078 41.
634 1016 743 1076 Caesar
757 1017 864 1076 nuntiis
879 1017 916 1075 ad
930 1017 1074 1075 civitatem
1089 1014 1191 1074 Aedu-

191 1133 275 1174 orum
296 1115 400 1187 missis‚
423 1117 472 1192 qui
494 1135 547 1175 suo
572 1116 715 1175 beneficio
736 1125 923 1174 conservatos
947 1114 1094 1184 docerent,
1116 1131 1191 1189 quos

147 1230 179 1264 «ο
191 1214 252 1272 iure
277 1213 344 1272 belli
369 1215 529 1273 interficere
554 1215 702 1290 potuisset,
725 1215 873 1290 tribusque
898 1212 975 1271 horis
999 1213 1116 1287 [noctis]
1140 1230 1190 1269 ex·

191 1312 291 1370 ercitui
321 1312 359 1370 ad
402 1313 530 1388 quietem
566 1313 639 1372 datis
675 1323 768 1372 castra
804 1313 841 1370 ad
877 1309 1054 1387 Gergoviam
1089 1310 1186 1368 movit.

191 1410 292 1468 Medio
317 1410 376 1469 fere
404 1412 504 1470 itinere
528 1412 640 1486 equites
665 1429 682 1468 a
710 1410 802 1468 Fabio
831 1410 919 1480 missi,
945 1419 1055 1485 quanto
1084 1427 1130 1467 res
1158 1409 1190 1466 in

190 1508 318 1585 periculo
332 1509 426 1580 fuerit,
440 1520 599 1586 exponunt.
642 1509 769 1568 Stunrnis
789 1508 882 1584 copiis
903 1518 997 1566 castra
1018 1516 1189 1584 oppugnata

190 1605 402 1678 demonstrant,
443 1626 512 1666 cum
554 1609 656 1667 crebro
694 1607 798 1682 integri
842 1605 963 1664 defessis
989 1606 1189 1666 succederent

148 1719 176 1768 15
191 1714 365 1782 nostrosque
400 1707 518 1765 assiduo
557 1706 656 1765 labore
694 1704 894 1781 defatigarent,
929 1705 1035 1780 quibus
1072 1713 1191 1780 propter

190 1804 420 1879 magnitudinem
449 1815 609 1891 castrorum
640 1813 781 1880 perpetuo
809 1812 887 1861 esset
918 1802 1021 1861 iisdem
1052 1803 1083 1860 in
1113 1802 1189 1860 vallo

189 1903 427 1978 permanendum.
470 1902 653 1961 Multitudine
674 1903 840 1978 sagittamm
859 1910 945 1978 atque
965 1902 1061 1959 omnis
1075 1901 1190 1976 generis

190 2002 312 2060 telorum
343 2001 451 2060 multos
482 2001 662 2072 vulneratos;
697 2001 736 2058 ad
769 2000 842 2059 haec
878 1998 1046 2058 sustinenda
1079 2017 1189 2075 magno

189 2101 253 2160 usui
287 2100 376 2158 fuisse
411 2110 564 2159 tormenta.
617 2100 740 2158 Fabium
775 2099 905 2157 discessu
940 2116 1041 2155 eorum
1077 2096 1190 2155 duabus

146 2212 177 2246 20
190 2198 293 2257 relictis
319 2199 409 2274 portis
431 2200 579 2258 obstruere
601 2209 711 2258 ceteras
736 2198 908 2274 pluteosque
932 2195 1006 2254 vallo
1032 2195 1138 2254 addere
1160 2206 1190 2256 et

189 2312 221 2352 se
252 2296 281 2351 in
310 2305 460 2370 posterum
490 2295 568 2353 diem
597 2296 776 2372 similemque
804 2312 905 2352 casum
936 2311 1082 2370 apparare.
1132 2292 1189 2352 His

188 2393 274 2450 rebus
300 2393 423 2467 cognitis
449 2391 557 2452 Caesar
586 2411 702 2453 summo
731 2394 826 2452 studio
850 2393 973 2451 militum
1000 2402 1067 2450 ante
1093 2402 1188 2450 ortum

157 2519 160 2526 ¹
190 2490 258 2548 solis
279 2489 310 2547 in
331 2501 425 2548 castra
445 2491 582 2566 pervenit.

228 2592 281 2646 42.
302 2587 383 2645 Dum
411 2588 484 2647 haec
513 2591 551 2649 ad
581 2589 759 2666 Gergoviam
786 2599 935 2667 geruntur,
963 2590 1059 2649 Aedui
1086 2589 1188 2665 primis

145 2698 173 2747 ²5
189 2686 297 2744 nuntiis
318 2688 355 2744 ab
377 2686 524 2746 Litavicco
542 2689 668 2764 acceptis
690 2689 801 2747 nullum
823 2689 876 2748 sibi
891 2688 928 2747 ad
946 2687 1188 2765 cognoscendum

188 2785 313 2859 spatium
327 2786 499 2862 relinquunt.
536 2787 662 2864 Impellit
677 2788 749 2847 alios
762 2789 888 2861 avaritia,
905 2789 977 2847 alios
994 2787 1143 2846 iracundia
1159 2796 1188 2846 et

186 2884 340 2954 temeritas,
364 2904 438 2960 quae
459 2887 586 2946 maxime
607 2887 646 2947 illi
668 2886 822 2945 hominum
842 2887 943 2962 generi
964 2896 1008 2945 est
1025 2887 1133 2956 innata,
1155 2897 1188 2945 ut

187 2980 280 3038 levem
302 2983 482 3042 auditionem
498 2985 626 3043 habeant
647 3003 700 3060 pro
722 3004 753 3043 re
774 2995 933 3061 comperta.
976 2986 1061 3045 Bona
1082 2985 1188 3044 civium

188 3079 391 3140 Romanorum
406 3082 550 3159 diripiunt,
566 3085 671 3142 caedes
690 3084 807 3154 faciunt,
822 3085 852 3142 in
871 3086 1035 3145 servitutem
1055 3085 1187 3144 abstrah-

144 3183 175 3231 30
187 3188 247 3236 unt.
284 3179 410 3238 Adiuvat
423 3200 484 3239 rem
499 3182 690 3257 proclinatam
705 3183 942 3242 Convictolitavis
957 3184 1132 3261 plebemque
1148 3185 1187 3243 ad

187 3274 314 3334 furorem
334 3279 463 3354 impellit,
484 3289 516 3338 ut
539 3280 668 3339 facinore
694 3280 822 3340 admisso
845 3281 882 3340 ad
908 3283 1061 3341 sanitatem
1085 3284 1188 3341 reverti

188 3372 303 3442 pudeat.
346 3373 480 3435 Marcum
504 3377 651 3448 Aristium,
678 3379 825 3436 tribunum
851 3379 983 3450 militum,
1004 3381 1057 3437 iter
1081 3380 1119 3439 ad
1147 3380 1188 3438 le-

187 3466 305 3540 gionem
327 3471 482 3533 facientem
503 3475 560 3536 fide
581 3476 649 3536 data
670 3495 707 3534 ex
729 3477 841 3553 oppido
860 3477 1016 3540 ,Cabillono
1041 3479 1187 3538 educunt:
