2686 3910
230 156 291 224 162
554 174 582 222 c.
607 175 700 223 rurrr
723 172 896 224 canaram
1080 209 1084 218 .
1164 179 1223 233 vn,

228 323 307 396 quod
332 324 468 400 iniquitas
489 325 546 384 loci
572 326 719 396 attulisset,
742 327 772 384 id
793 325 888 383 virtuti
908 323 1036 384 hostium
1056 325 1223 396 tribuerent,

226 421 329 480 eadem
349 423 385 481 de
405 424 584 500 profectione
604 426 745 500 cogitans
761 443 836 500 quae
855 434 921 482 ante
940 433 1077 495 senserat,
1092 425 1223 501 legiones

220 537 262 576 ex
291 521 390 579 castris
415 523 514 580 eduxit
542 523 692 597 aciemque
720 521 828 580 idoneo
856 521 924 580 loeo
949 521 1103 582 constituit.
1146 522 1223 581 Cum

225 609 446 693 Vercingetorix
468 617 557 678 nihilo
579 621 672 696 magis
697 621 727 677 in
752 638 877 696 aequum
902 619 999 678 locum
1024 619 1221 690 descenderet,

192 725 209 774 ·5
224 713 278 772 levi
300 715 376 775 facto
398 720 522 793 equestri
547 719 658 794 proelio
680 728 766 794 atque
792 717 921 776 secundo
946 719 976 775 in
998 726 1091 776 castra
1112 720 1221 776 exerci-

223 821 285 869 tum
304 814 424 873 reduxit.
467 815 543 874 Cum
564 817 621 874 hoc
641 815 719 874 idem
740 825 858 892 postero
881 817 927 875 die
944 815 1071 886 iecisset,
1094 817 1162 874 satis
1183 816 1220 873 ad

224 910 366 970 Gallicam
399 915 624 972 ostentationem
663 915 853 972 minuendam
887 913 1068 989 militumque
1105 915 1220 972 animos

212 1011 439 1070 ‘continuandos
464 1011 571 1070 factum
600 1014 769 1071 existimans
797 1014 827 1070 in
844 1012 975 1070 ,Aeduos
1003 1014 1092 1070 movit
1117 1023 1217 1070 castra.

222 1108 268 1166 Ne
296 1119 358 1168 tum
386 1111 503 1186 quidem
531 1112 668 1170 insecutis
695 1112 826 1170 hostibus
855 1111 939 1169 tertio
969 1111 1015 1170 die
1044 1111 1082 1168 ad
1110 1110 1218 1168 flumen

177 1229 207 1263 10
220 1207 323 1265 Elaver
347 1218 451 1284 pontes
472 1210 563 1268 reficit
584 1228 678 1286 eoque
699 1210 857 1268 exercitum
878 1208 1011 1268 traduxit.
1053 1214 1106 1268 54.
1128 1208 1173 1266 Ibi
1201 1229 1218 1266 a

219 1305 404 1365 Viridomaro
440 1317 526 1383 atque
560 1307 760 1385 Eporedorige
795 1307 906 1366 Aeduis
938 1306 1098 1382 appellatus
1134 1307 1218 1365 discit

220 1421 286 1461 cum
317 1407 397 1464 omni
429 1407 557 1482 equitatu
589 1406 766 1465 Litaviccum
798 1407 835 1464 ad
867 1405 1064 1473 sollicitandos
1096 1404 1216 1463 Aeduos

219 1501 396 1576 profectum:
429 1521 504 1581 opus
532 1523 596 1563 esse
624 1506 705 1581 ipsos
733 1503 964 1563 antecederead
986 1503 1216 1562 confirmandam

219 1600 371 1658 civitatem.
414 1601 476 1660 Etsi
511 1603 607 1662 multis
643 1604 701 1661 iam
737 1603 832 1662 rebus.
859 1602 1011 1679 perfidiam
1037 1601 1216 1660 Aeduorum

175 1713 203 1770 15
218 1707 399 1775 perspectam
424 1700 549 1759 habebat
573 1711 659 1776 atque
684 1701 789 1758 horum
813 1700 943 1758 discessu
969 1700 1143 1758 admaturari
1166 1701 1215 1758 de-

217 1794 373 1856 fectionem
399 1799 518 1858 civitatis
546 1801 736 1870 existimabat,
761 1809 860 1857 tamen
885 1817 937 1857 eos
960 1798 1128 1858 retinendos
1153 1819 1215 1858 non

217 1897 372 1968 constituit,
389 1916 426 1956 ne
445 1908 494 1956 aut
512 1898 615 1957 inferre
635 1900 768 1957 iniuriam
787 1899 931 1956 videretur
950 1907 999 1956 aut
1019 1897 1087 1956 dare
1101 1900 1215 1982 timoris

217 1994 343 2071 aliquam
374 1997 576 2073 suspicionem.
620 1996 844 2055 Discedentibus
871 1995 917 2053 his
942 1995 1065 2061 breviter
1099 2013 1152 2055 sua
1168 1999 1213 2056 in

216 2092 337 2151 Aeduos
357 2096 459 2154 merita
480 2096 621 2171 exposuit,
642 2114 716 2171 quos
737 2104 766 2153 et
790 2112 879 2170 quam
899 2093 1022 2152 humiles
1043 2096 1212 2171 accepisset,

172 2212 203 2246 ιο
216 2191 383 2266 compulsos
401 2194 430 2250 in
448 2195 565 2269 oppida,
580 2193 717 2251 multatos
735 2195 821 2269 agris,
836 2193 972 2250 omnibus
990 2193 1095 2269 ereptis
1110 2195 1210 2270 copiis,

216 2289 352 2363 imposito
394 2292 546 2366 stipendio,
586 2291 736 2350 obsidibus
776 2309 890 2350 summa
929 2309 996 2372 curn
1035 2293 1211 2350 contumelia

215 2389 341 2458 extortis,
378 2407 466 2464 quam
500 2389 531 2446 in
566 2389 711 2448 fortunam
745 2407 891 2466 quamque
926 2389 956 2447 in
987 2388 1209 2465 amplitudinem

215 2482 388 2556 deduxisset,
415 2497 447 2545 ut
474 2505 535 2546 non
564 2487 658 2546 solum
686 2489 716 2546 in
745 2488 896 2564 pristinum
925 2497 1031 2545 statum
1059 2488 1217 2557 redissent-‚3

215 2582 266 2640 sed
286 2585 417 2642 omnium
438 2596 603 2662 temporum
631 2587 800 2660 dignitatem
822 2595 850 2644 et
873 2587 996 2662 gratiam
1021 2587 1208 2650 antecessisse
1305 2619 1306 2628 ἱ

169 2700 198 2749 25
213 2682 382 2741 viderentur.
427 2684 484 2743 His
507 2686 581 2743 datis
603 2686 747 2744 mandatis
770 2703 821 2743 eos
844 2686 882 2743 ab
905 2703 936 2742 se
959 2684 1075 2742 dimisit.

254 2787 305 2839 55.
333 2781 540 2842 Noviodunum
577 2793 638 2841 erat
674 2783 815 2860 oppidum
851 2782 1020 2841 Aeduorum
1044 2783 1096 2841 ad
1130 2784 1207 2860 ripas

213 2878 324 2954 Ligeris
345 2893 512 2958 opportuno
533 2884 599 2942 loco
623 2884 759 2958 positum.
802 2880 872 2939 Huc
894 2879 1001 2939 Caesar
1025 2898 1129 2940 omnes
1152 2883 1207 2940 ob·
1301 2909 1302 2941 ;

212 2977 288 3036 sides
326 2978 446 3052 Galliae,
482 2981 665 3051 frumentum,
704 2980 858 3056 pecuniam
897 2979 1051 3056 publicam,
1087 2998 1206 3039 suorum

211 3084 296 3150 atque
331 3080 473 3138 exercitus
508 3079 781 3156 impedimentorum
816 3095 967 3152 magnam
988 3087 1099 3154 partem
1134 3097 1205 3137 cona

164 3183 196 3235 30
208 3170 325 3244 tulerat;
351 3173 408 3234 huc
429 3195 568 3254 magnum
590 3195 742 3235 numerum
762 3193 903 3251 equorum
924 3175 1008 3233 huius
1029 3175 1096 3233 belli
1117 3196 1205 3244 causa
1297 3177 1298 3206 ¹

208 3269 238 3324 in
273 3270 355 3330 ltalia
389 3283 475 3350 atque
511 3275 656 3352 Hispania
687 3283 854 3352 coemptum
888 3275 1013 3333 miserat.
1063 3274 1109 3334 Eo
1136 3293 1205 3346 cum
1296 3293 1297 3296 ’

207 3361 388 3438 Eporedorix
416 3372 673 3451 Viridomarusque
701 3375 846 3432 venissent
868 3382 896 3431 et
921 3373 957 3432 de
985 3382 1060 3432 statu
1083 3376 1203 3436 civitatis

207 3467 419 3540 cognovissent,
454 3470 631 3542 Litauiccum
665 3472 793 3531 Bibracti
827 3474 864 3530 ab
898 3472 1008 3534 Aeduis
1022 3530 1026 3536 ,
1042 3484 1202 3550 receptum,-
