2686 3910
210 199 273 246 coo
416 188 420 194 ’
636 195 671 245 A.
694 195 818 244 rernm
1073 179 1089 232 -'
1132 199 1205 243 urrr.

209 357 304 406 castra
336 347 487 419 distribuit,
515 348 633 406 alteram
667 365 765 406 secum
798 345 963 422 expeditam
999 345 1085 405 ducit.
1125 345 1207 404 Cum

209 447 329 522 propius
357 445 456 504 hostes
484 447 660 518 accessisset,
690 448 727 504 ab
756 446 994 521 exploratoribus,
1019 463 1095 521 quos
1122 463 1208 521 prae-

209 543 335 614 miserat,
349 545 510 620 cognoscit
531 555 624 604 castra
648 563 759 617 eorum,
781 552 813 601 ut
837 543 1028 601 barbarorum
1050 543 1110 601 fere
1134 561 1207 600 con·

210 642 331 700 suetudo
360 651 413 714 est,
441 643 546 702 relictis
578 643 649 702 locis
680 643 876 732 superioribus
906 641 943 699 ad
974 642 1050 716 ripas
1079 641 1209 700 fluminis

181 757 273 811 5esse
299 740 434 812 demissa,
455 752 484 800 at
506 741 672 800 Germanos
693 737 863 817 equitesque
887 740 1120 815 imprudentibus
1142 757 1209 798 orn-

209 839 294 897 nibus
329 840 365 897 de
401 839 558 916 improviso
595 839 745 899 advolasse
780 838 983 913 proeliumque
1016 839 1209 896 commisisse.

210 935 278 1006 Qua
301 954 331 994 re
353 938 472 1011 cognita
496 938 643 1014 legionem
665 947 808 995 armatam
833 938 1059 1011 instructamque
1081 935 1208 994 adducit.

209 1035 254 1092 Ita
275 1046 392 1110 repente
413 1037 548 1096 omnibus
568 1054 603 1093 ex
625 1037 756 1112 partibus
778 1036 863 1111 signo
886 1033 954 1092 dato
975 1034 1041 1092 loca
1060 1035 1209 1109 superiora

210 1133 370 1207 capiuntur.
411 1133 502 1205 Quod
530 1135 580 1192 ubi
609 1134 723 1204 accidit,
750 1131 890 1192 Germani
918 1132 1088 1207 equitesque
1115 1132 1209 1206 signis

166 1255 196 1289 10
209 1231 332 1306 legionis
361 1232 427 1290 visis
456 1233 709 1291 vehementissime
738 1232 923 1308 proeliantur.
968 1228 1132 1289 Confestim
1158 1247 1209 1288 co-

210 1329 308 1386 hortes
329 1329 458 1405 undique
478 1330 618 1406 impetum
636 1331 746 1388 faciunt
765 1329 960 1402 omnibusque
981 1337 1031 1385 aut
1052 1325 1209 1384 interfectis

211 1437 260 1484 aut
285 1427 376 1501 captis
401 1445 510 1502 magna
534 1429 643 1505 praeda
667 1430 825 1504 potiuntur.
867 1431 916 1486 37.
940 1425 1060 1501 Capitur
1084 1425 1146 1500 ipse
1172 1443 1209 1483 eo

210 1524 320 1600 proelio
346 1525 490 1602 Drappes.
534 1527 675 1586 Caninius
700 1526 863 1584 felicissirne
891 1543 923 1582 re
950 1533 1034 1600 gesta
1062 1523 1125 1581 sine
1149 1523 1209 1581 ullo

210 1641 304 1700 paene
327 1625 425 1684 militis
453 1627 570 1686 vulnere
599 1627 636 1685 ad
661 1626 841 1686 obsidendos
867 1625 1033 1700 oppidanos
1060 1626 1210 1682 revertittu

167 1752 195 1799 15
210 1732 389 1798 externoque
411 1725 496 1783 hoste
516 1725 620 1797 deletu,
644 1725 725 1783 cuius
746 1726 850 1782 timore
871 1719 1104 1783 antea'dividere
1125 1741 1210 1799 prae·

211 1821 283 1879 sidia
311 1832 339 1879 et
367 1824 529 1881 munitione
554 1824 719 1899 oppidanos
744 1821 922 1880 circumdare
950 1821 1112 1897 prohibitus
1138 1833 1208 1892 erat,

211 1937 301 1994 opera
315 1921 443 1996 undique
458 1921 581 1997 imperat
600 1921 799 1980 administrari.
830 1920 930 1978 'Venit
944 1921 1050 1978 eodem
1065 1937 1132 1976 cum
1148 1920 1208 1977 suis

210 2019 302 2094 copiis
327 2005 445 2094 postero
475 2021 521 2080 die
547 2021 639 2080 Gaius
653 2019 771 2084 ¹Fabius
795 2028 965 2096 partemque
991 2018 1091 2095 oppidi
1120 2018 1209 2076 sumit

211 2119 247 2177 ad
273 2118 476 2177 obsidendum.

167 2247 197 2281 20
222 2265 223 2270 .
251 2223 303 2276 38.
326 2215 574 2276 Caesar'interim
598 2217 641 2276 M.
666 2217 828 2276 Antonium
854 2226 1038 2292 quaestorem
1065 2231 1132 2274 curn
1157 2234 1207 2275 co·

210 2315 341 2374 hortibus
361 2335 399 2374 xv
420 2317 450 2373 in
469 2316 630 2376 Bellovacis
651 2317 793 2392 relinquit,
813 2335 850 2374 ne
871 2333 929 2391 qua
947 2333 1045 2373 rursus
1065 2331 1207 2374 novorum

211 2413 399 2471 consiliorum
433 2414 642 2490 capiendorum
676 2415 775 2490 Belgis
809 2413 928 2472 facultas
963 2412 1086 2473 daretur.
1138 2412 1207 2489 Ipse

210 2512 333 2587 reliquas
364 2513 493 2570 civitates
525 2513 592 2585 adit,
624 2513 740 2572 obsides
775 2512 872 2588 plures
908 2503 1040 2587 imperat,
1072 2512 1207 2569 timentes

211 2611 343 2670 omnium
375 2610 490 2668 animos
522 2611 723 2670 consolatione
759 2619 851 2668 sanat.
893 2607 970 2667 Cum
1005 2609 1035 2665 in
1064 2608 1207 2668 Carnutes

168 2725 195 2774 25
210 2707 342 2776 venisset,
365 2725 490 2782 quorum
511 2709 541 2766 in
562 2709 674 2768 civitate
697 2709 845 2785 superiore
866 2707 1076 2766 commentario
1098 2707 1208 2766 Caesar

211 2807 344 2880 exposuit
379 2806 491 2865 initium
525 2807 591 2864 belli
622 2825 687 2866 esse
719 2817 822 2877 ortum,
854 2805 935 2881 quod
970 2807 1125 2881 praecipue
1156 2823 1208 2864 eos

211 2914 328 2980 propter
367 2905 576 2964 conscientiam
611 2899 679 2964 facti
718 2905 818 2964 timere
857 2904 1112 2976 animadvertebat,
1148 2922 1207 2979 quo

212 3003 331 3062 celerius
353 3005 496 3061 civitatem
518 3006 620 3063 timore
645 3006 786 3075 liberaret,
808 3003 970 3078 principem
996 3003 1111 3062 sceleris
1135 3003 1209 3062 illius

212 3113 240 3161 et
259 3102 467 3161 concitatorem
486 3103 561 3176 belli,
577 3103 761 3174 Gutruatum,
777 3101 814 3160 ad
834 3101 1008 3178 supplicium
1027 3102 1208 3177 depoposcit.

102 3223 106 3232 ·
167 3221 198 3268 30
213 3200 273 3273 Qui
299 3203 352 3260 etsi
380 3219 418 3259 ne
446 3203 555 3260 civibus
583 3201 701 3278 quidem
729 3201 788 3259 suis
818 3218 849 3258 se
877 3200 1085 3270 committebat,
1109 3210 1209 3258 tamen

212 3300 339 3358 celeriter
376 3301 508 3358 omnium
544 3319 612 3358 cura
649 3300 795 3376 quaesitus
836 3299 865 3356 in
900 3308 996 3358 castra
1032 3298 1207 3374 perducitur.

213 3396 336 3474 Cogitur
363 3400 392 3458 in
421 3401 482 3458 eius
512 3401 683 3476 supplicium
708 3398 816 3458 Caesar
841 3409 943 3457 eontra
968 3417 1051 3457 suam
1075 3407 1209 3458 naturam

213 3513 358 3556 concursu
372 3500 501 3558 maximo
516 3497 646 3570 militurn,
662 3486 711 3574 qui
725 3498 825 3556 omnia
843 3497 971 3574 pericula
990 3507 1019 3556 et
1039 3496 1210 3556 detrimenta

215 3592 282 3650 belli
316 3595 459 3657 Gutruato
493 3607 614 3675 accepta
651 3597 822 3668 referebant,
858 3597 933 3656 adeo
973 3607 1006 3656 ut
1044 3599 1210 3659 verberibus
