2650 3918
214 201 255 268 86
537 219 565 270 o.
588 220 680 270 rvrrr
701 217 874 269 oxrsnxrs
1175 221 1206 268 v.

211 369 327 430 Eodem
354 369 497 449 equitatus
524 371 613 430 totius
641 368 752 430 Galliae
779 369 917 430 convenit
943 386 1066 429 numero
1095 367 1208 428 milium

212 476 348 544 quattuor
374 467 577 546 principesque
604 485 641 528 ex
665 468 801 528 omnibus
830 467 1006 541 civitatibus3
1039 485 1076 526 ex
1101 466 1207 544 quibus

211 583 382 644 perpaucos,
407 583 531 645 quorum
555 568 639 626 inse
663 566 752 625 fidem
772 575 967 643 perspexerat,
991 566 1153 644 relinquere
1176 567 1207 624 in

213 661 316 737 Gallia,
344 665 470 742 reliquos
500 666 636 724 obsidum
663 665 730 723 loco
760 682 860 724 secum
893 665 998 724 ducere
1032 624 1259 744 dedeiedtssflli

184 764 302 841 5quod,
316 781 384 824 cum
403 764 466 840 ipse
485 765 608 834 abesset,
627 773 740 822 motum
760 763 870 822 Galliae
885 765 1044 823 verebatur.
1068 753 1116 822 ⁸6.
1138 761 1208 820 Erat

212 879 272 921 una
293 880 361 921 cum
381 863 484 922 ceteris
504 861 670 920 Dumnorix
690 859 822 933 Aeduus,
844 863 881 922 de
899 880 959 939 quo
973 870 1043 920 ante
1064 861 1102 918 ab
1120 860 1207 919 nobis

214 961 323 1020 dictum
350 969 401 1019 est.
444 959 535 1018 Hunc
563 977 664 1018 secum
691 959 797 1018 habere
825 960 856 1017 in
879 960 979 1036 primis
1007 958 1206 1028 constituerat,

214 1059 295 1137 quod
308 1075 376 1116 eum
390 1057 530 1136 cupidum
540 1076 636 1116 rerum
650 1075 799 1130 novarum,
817 1058 956 1134 cupidum
969 1057 1091 1134 imperii,
1106 1057 1217 1156 mpgni¹
1229 1133 1240 1145 Ι,

213 1158 310 1228 animi,
330 1174 454 1232 magnae
473 1156 547 1215 inter
566 1153 668 1214 Gallos
688 1156 864 1215 auctoritatis
885 1165 1070 1232 cognoverat.
1112 1137 1207 1214 Aede·
1224 1157 1242 1168 ”
1285 1203 1288 1212 ,

170 1256 301 1316 rodebat
322 1253 388 1325 huc,
411 1254 492 1330 quod
515 1254 546 1312 in
570 1253 695 1312 concilio
716 1254 891 1333 Aeduorum
910 1253 1074 1312 Dumnorix
1097 1253 1209 1312 dixerat

213 1355 268 1412 sibi
282 1371 300 1411 a
315 1351 439 1412 Caesare
458 1369 582 1429 regnum
600 1351 729 1435 civitatis⁴
740 1325 865 1425 aedili,
884 1351 965 1428 quod
983 1352 1092 1412 dictum
1110 1350 1208 1410 Aedui

213 1452 336 1530 graviter
363 1451 501 1523 ferebant,
531 1469 626 1527 neque
658 1424 810 1509 reiistbdr·
837 1460 888 1509 aut
914 1451 1091 1527 deprecandi
1119 1468 1208 1509 causa

213 1554 325 1627 legatos
345 1550 382 1608 ad
403 1549 560 1609 Caesarem
580 1550 692 1608 mittere
711 1550 865 1608 audebant.
906 1549 943 1609 Id
959 1548 1068 1609 factum
1088 1568 1125 1608 ex
1147 1549 1208 1608 suis

193 1632 197 1642 ¹
214 1652 377 1728 hospitibus
394 1650 502 1710 Caesar
516 1659 700 1728 cognoverat.
717 1675 725 1731 3
741 1649 794 1736 ille
809 1650 945 1708 omnibus
964 1651 1058 1726 primo
1073 1649 1208 1725 precibus

166 1769 201 1826 ,¹5
214 1760 313 1827 petere
341 1751 498 1821 contendit,
516 1760 558 1825 ‚ut
581 1750 611 1807 in
635 1748 729 1808 Gallia
755 1748 970 1824 relinqueretur,
995 1743 1099 1824 partim
1127 1737 1221 1823 quod

195 1867 206 1950 κ’
215 1849 343 1918 insuetus
367 1848 535 1924 navigandi,
546 1865 626 1906 mare
645 1847 767 1919 timeret,
788 1848 897 1952 partim
902 1847 1005 1948 ,guod
1021 1846 1209 1922 religionibus

206 1948 348 2024 impediri
369 1965 433 2007 sese
450 1946 565 2010 diceret.
608 1921 849 2028 Posteaquainiid
868 1924 1013 2004 obstiiiate
1034 1945 1088 2003 sibi
1109 1944 1211 2020 negari

215 2047 302 2128 vidit,
331 2047 413 2126 omni
451 2064 503 2122 spe
537 2044 710 2121 impetrandi
748 2025 885 2120 adempta
919 2043 1063 2119 principes
1098 2041 1211 2102 Galliae

78 2143 82 2151 “
170 2187 187 2234 ·.
217 2113 377 2217 illicitae,
403 2161 538 2205 sevocare
560 2143 691 2220 singulos
714 2142 878 2218 hortarique
899 2141 1005 2218 coepit,
1025 2141 1067 2200 uti
1087 2140 1117 2198 in
1138 2159 1211 2200 con-

132 2241 149 2282 “·
171 2239 205 2298 ηδ
217 2231 318 2302 t'ine'nti
337 2241 521 2304 remanerent
530 2262 538 2316 ;
560 2251 641 2301 metu
657 2241 802 2300 territare:
824 2259 885 2300 non
906 2241 968 2298 sine
988 2256 1076 2299 causa
1094 2239 1163 2310 fieri,
1178 2250 1211 2298 ut

159 2399 166 2414 ‚
218 2341 312 2402 Gallia
350 2342 620 2442 omnixxpobilitate
657 2340 844 2416 spoliaretur;
886 2340 916 2398 id
953 2357 1017 2400 esse
1056 2338 1210 2398 consilium

218 2439 360 2512 Caesaris,
378 2420 512 2515 utfq‘uds
527 2428 558 2497 in
577 2448 739 2514 conspectu
753 2437 864 2497 Galliae
883 2437 1045 2496 interficere
1058 2447 1211 2510 vereretur,

217 2541 387 2614 hosomnes
407 2539 437 2598 in
457 2539 634 2598 Britanniam
654 2539 801 2598 traductos
822 2548 956 2612 necaret,
985 2538 1073 2596 fidem
1094 2537 1212 2614 reliquis

187 2631 190 2636 ’
220 2619 412 2716 iirt‘erponere,
440 2637 640 2696 iusiurandum
667 2655 797 2713 poscere,
824 2645 865 2708 ut,
892 2636 973 2712 quod
999 2653 1065 2694 esse
1092 2653 1128 2694 ex
1142 2651 1212 2695 'usu

174 2747 204 2799 ²5
220 2738 330 2799 Galliae
369 2737 583 2807 intellexissent,
622 2736 771 2795 communi
804 2734 926 2794 consilio
969 2734 1212 2793 administrarent.

218 2837 303 2897 Haec
327 2855 346 2896 a
372 2836 568 2913 compluribus
596 2834 634 2894 ad
658 2832 814 2901 Caesarem
841 2833 1050 2892 deferebantur.
1093 2839 1120 2895 7.
1142 2831 1214 2904 Qua

218 2957 249 2997 re
273 2937 391 3013 cognita
414 2934 530 3005 Caesar,
555 2933 636 3009 quod
659 2941 771 2991 tantum
796 2931 900 2991 civitati
921 2932 1041 2991 Aeduae
1064 2931 1213 3006 dignitatis

219 3015 370 3106 tribuebat,
399 3032 594 3092 coercendum
627 3042 717 3108 atque
742 3030 953 3102 deterrendum,
982 3031 1213 3107 quibuscumque

218 3135 304 3194 rebus
331 3140 440 3208 posset,
466 3129 680 3206 Dumnorigem
709 3129 867 3202 statuebat;
900 3128 979 3206 quod
1006 3127 1121 3204 longius
1149 3129 1213 3188 eius

174 3253 206 3302 30
219 3231 375 3292 amentiam
404 3229 539 3306 progredi
566 3228 689 3298 videbat,
718 3227 964 3304 prospiciendum,
993 3245 1030 3285 ne
1058 3215 1129 3304 quid
1157 3227 1213 3286 sibi

218 3349 254 3390 ac
278 3329 452 3406 reipublicae
475 3344 581 3386 nocere
606 3336 714 3403 posset.
755 3326 858 3402 Itaque
883 3325 944 3386 dies
969 3326 1080 3384 circiter
1100 3345 1159 3384 xxv
1181 3326 1214 3384 in

220 3427 266 3486 eo'
288 3427 355 3486 loco
383 3434 589 3496 commoratus,
622 3425 704 3501 quod
735 3423 829 3484 Corus
862 3433 964 3482 ventus
997 3424 1214 3501 navigationem

220 3525 403 3600 impediebat,
431 3525 481 3602 qui
507 3542 646 3602 magnam
673 3534 784 3602 partem
812 3523 908 3582 omnis
942 3523 1083 3599 temporis
1110 3524 1141 3582 in
1167 3522 1214 3583 his
