2686 3910
136 209 277 280 49—53.
362 181 420 258 ‘ur
441 211 551 259 asaro
575 210 725 262 onrtrco
747 213 856 264 corrrr.
883 215 945 266 νη.
1075 201 1137 264 ¹161

134 357 296 418 interfectis
316 360 443 436 reliquos
465 381 482 420 a
502 372 588 438 porta
612 362 731 439 paulum
757 365 911 425 submovit.
956 364 1138 425 Conantibus

135 457 266 516 auxiliari
299 459 374 518 suis:
410 459 564 532 ‘Frustra’
598 462 702 537 inquit,
737 467 840 522 ‘meae
873 465 949 522 vitae
984 465 1137 523 subvenire

135 559 293 629 conamini,
318 576 409 635 quem
432 561 491 618 iam
516 561 635 636 sanguis
659 562 793 638 viresque
819 563 964 622 deficiunt.
1009 563 1137 622 Proinde

135 657 223 729 abite,
256 657 327 716 dum
362 668 407 716 est
438 657 569 730 facultas,
601 677 713 735 vosque
744 661 782 720 ad
816 660 966 737 legionem
999 659 1135 738 recipite?

134 753 181 812 Ita
213 773 350 832 pugnans
385 766 454 833 post
485 757 605 833 paulum
641 757 768 817 concidit
801 777 836 817 ac
867 761 926 818 suis
958 759 1041 818 saluti
1073 759 1164 826 suits

135 858 183 912 51.
207 852 317 926 Nostri,
343 873 412 913 cum
436 855 567 931 undique
592 865 800 933 premerentur,
824 875 895 915 xum
919 858 1135 920 centurionibus

133 953 249 1012 amissis
275 954 378 1012 deiecti
406 963 473 1012 sunt
500 954 576 1013 loco.
621 954 679 1014 Sed
704 956 902 1016 intolerantius
928 956 1032 1016 Gallos
1058 959 1135 1016 inse·

133 1062 258 1127 quentes
288 1053 366 1128 legio
395 1053 511 1112 decima
537 1055 671 1125 tardavit,
699 1073 775 1130 quae
807 1073 861 1131 pro
890 1056 1020 1116 subsidio
1048 1055 1135 1132 paulo

132 1150 272 1225 aequiore
306 1150 374 1210 loco
409 1152 582 1210 constiterat
641 1152 729 1212 Hanc
768 1171 866 1212 rursus
908 1171 966 1212 xnr
1010 1154 1135 1229 legionis

132 1250 271 1309 cohortes
285 1261 470 1328 exceperunt,
485 1270 560 1328 quae
574 1270 611 1310 ex
627 1254 728 1312 castris
745 1254 908 1312 minoribus
927 1253 1049 1313 eductae
1066 1272 1135 1314 cum
1150 1277 1180 1314 ιο

133 1347 170 1407 Τ.
183 1349 283 1408 Sextio
297 1351 395 1426 legato
410 1360 549 1427 ceperant
563 1350 661 1409 locum
683 1352 870 1427 superiorem.
913 1351 1070 1430 Legiones,
1084 1355 1135 1412 ubi

132 1448 261 1523 primum
282 1449 439 1525 planiciem
464 1450 630 1526 attigerunt,
655 1450 766 1510 infestis
791 1462 893 1510 contra
918 1451 1018 1512 hostes
1043 1453 1134 1530 signis

133 1547 334 1607 constiterunt.
379 1547 602 1624 Vercingetorix
627 1550 664 1607 ab
688 1549 836 1608 radicibus
861 1551 943 1609 collis
966 1547 1036 1610 suos
1060 1552 1147 1611 intra·

130 1645 310 1704 munitiones
343 1647 466 1705 reduxit.
508 1646 554 1705 Eo
587 1646 633 1705 die
668 1647 776 1707 milites
810 1659 879 1708 sunt
914 1651 1003 1726 paulo
1035 1651 1132 1710 minus

129 1744 309 1819 septingenti
324 1744 489 1803 desiderati.
1149 1771 1176 1819 ¹5

174 1848 226 1902 52.
248 1841 369 1902 Postero
398 1843 444 1901 die
473 1842 582 1902 Caesar
609 1845 746 1904 contione
775 1845 915 1905 advocata
941 1847 1131 1905 temeritatem

130 1941 378 2017 cupiditatemque
406 1942 530 2002 militum
558 1942 750 2020 reprehendit,
780 1943 860 2020 quod
888 1944 942 2002 sibi
970 1945 1025 2020 ipsi
1058 1945 1130 2004 iudi·

130 2040 282 2110 cavissent,
309 2057 368 2117 quo
393 2041 612 2118 procedendum
636 2050 685 2098 aut
713 2040 783 2116 quid
808 2041 956 2115 agendum
980 2041 1130 2111 videretur,

129 2156 227 2215 neque
246 2140 332 2215 signo
352 2139 512 2215 reeipiendi
534 2139 602 2197 dato
622 2139 819 2198 constitissent
837 2157 933 2214 neque
952 2141 989 2196 ab
1009 2141 1130 2200 tribunis

129 2237 254 2294 militurn
293 2237 454 2314 legatisque
493 2237 607 2295 retineri
645 2237 816 2312 potuissent.
871 2237 1024 2314 Exposuit,
1060 2238 1130 2314 quid
1144 2258 1175 2292 ro

129 2336 265 2412 iniquitas
296 2337 354 2394 loci
384 2345 491 2412 posset,
525 2335 596 2412 quid
629 2335 693 2411 ipse
719 2335 762 2393 ad
792 2335 949 2395 Avaricum
984 2338 1128 2409 sensisset,

129 2453 198 2494 cum
227 2436 289 2494 sine
317 2435 391 2494 duce
416 2443 445 2492 et
470 2435 532 2493 sine
557 2435 698 2511 equitatu,
712 2433 899 2510 deprehensis
923 2433 1055 2494 hostibus
1079 2455 1130 2494 ex·

63 2558 65 2564 ·
129 2534 273 2611 ploratam
303 2534 453 2592 victoriam
484 2533 648 2604 dimisisset,
677 2551 714 2592 ne
745 2550 866 2610 parvum
894 2533 985 2592 modo
1013 2534 1130 2594 detrim-

128 2641 231 2692 entum
262 2633 292 2691 in
321 2633 507 2690 contentione
535 2641 653 2706 propter
683 2632 864 2706 iniquitatem
891 2631 949 2690 loci
976 2633 1127 2693 accideret.

129 2731 250 2804 Quanto
270 2749 370 2808 opere
405 2748 507 2789 eorum
541 2731 631 2787 animi
666 2730 897 2805 magnitudinem
931 2731 1127 2804 admiraretur,
1143 2745 1172 2794 α5

128 2846 205 2906 quos
243 2846 305 2888 non
342 2839 501 2888 castrorum
539 2828 726 2898 munitiones
760 2845 821 2886 non
856 2829 976 2888 altitudo
1010 2833 1127 2902 montis,

128 2947 190 2987 non
212 2945 311 2985 murus
335 2928 436 3004 oppidi
461 2926 572 2985 tardare
597 2927 747 3001 potuisset,
767 2935 849 2985 tanto
870 2944 958 3002 opere
982 2928 1127 2988 licentiam

127 3027 382 3102 arrogantiamque
406 3025 624 3105 reprehendere,
646 3024 726 3100 quod
747 3025 811 3101 plus
836 3043 867 3084 se
893 3044 980 3102 quam
1004 3029 1127 3104 impera·

128 3135 221 3183 torem
245 3124 283 3183 de
307 3126 426 3184 victoria
449 3135 536 3200 atque
561 3124 641 3181 exitu
665 3140 760 3180 rerum
786 3125 890 3184 sentire
915 3126 1125 3197 existimarent3

128 3239 183 3282 nec
204 3223 302 3281 minus
327 3241 358 3281 se
383 3222 420 3280 ab
445 3223 535 3280 milite
559 3221 733 3278 modestiam
757 3231 785 3279 et
806 3223 1014 3280 continentiam
1038 3239 1125 3296 quarn
1140 3231 1172 3278 30

127 3323 261 3379 virtutem
288 3331 375 3397 atque
400 3322 489 3379 animi
517 3319 747 3394 magnitudinem
772 3320 942 3378 desiderare.
985 3326 1036 3378 53.
1059 3317 1124 3376 Hac

128 3417 226 3476 habita
258 3418 398 3477 contione
432 3427 460 3476 et
494 3418 533 3476 ad
564 3426 723 3476 extremam
755 3419 918 3476 orationem
949 3416 1125 3474 confirmatis

129 3516 276 3587 militibus,
301 3534 338 3574 ne
363 3516 404 3575 ob
428 3514 503 3574 hanc
527 3534 646 3574 causam
671 3517 769 3574 animo
797 3523 1031 3593 permoverentur
1059 3533 1125 3585 neu,

614 3631 637 3672 rr
