2650 3918
192 207 254 272 ¹¹24
408 208 416 216 ''
521 205 549 255 0.
573 204 669 252 IULII
689 204 862 253 crassata
1123 200 1182 249 Vll.'

191 357 318 433 equitatu
333 357 541 434 expeditisque,
557 357 606 434 qui
620 357 693 415 inter
707 357 817 433 equites
831 355 964 433 proeliari
983 343 1183 422 consuessent,

189 456 358 515 insidiarum
386 475 474 514 causa
501 474 537 515 eo
565 456 738 532 profectum,
763 474 822 533 quo
840 465 966 514 ¹nostros
994 463 1111 530 postero
1136 454 1184 513 die

190 554 357 631 pabulatum
366 565 501 613 venturos
511 555 700 614 arbitraretur.
732 553 846 627 Quibus
856 555 942 612 rebus
950 553 1076 628 cognitis
1086 551 1184 614 media

190 663 276 712 nocte
300 652 412 712 silentio
434 653 581 730 proiectus
605 653 643 711 ad
667 653 795 712 hostium
817 661 911 711 castra
934 671 1021 710 mane
1045 652 1182 727 pervenit.

162 749 235 821 5llli
256 749 384 809 celeriter
401 768 455 826 per
473 750 670 826 exploratores
686 751 810 808 adventu
830 749 963 808 Caesaris
980 748 1102 824 cognito
1120 767 1183 807 car·

188 866 236 906 ros
255 849 520 925 impedimentaque
535 849 632 907 suain
647 849 766 908 artiores
786 849 871 907 silvas
884 847 1065 919 abdiderunt,
1081 847 1183 924 copias

190 947 286 1004 omnis
313 947 344 1003 in
365 945 432 1005 loco
454 947 532 1005 edito
559 958 646 1024 atque
674 957 775 1024 aperto
801 949 1003 1006 instruxerunt.
1059 944 1183 1018 Quare

190 1045 321 1102 nuntiata
345 1043 454 1103 Caesar
481 1045 608 1104 celeriter
632 1047 759 1105 sarcinas
784 1045 917 1116 conferri,
946 1063 1027 1102 arma
1052 1042 1191 1120 expediri

189 1143 287 1203 iussit„¹
317 1148 376 1202 ‚1o.
398 1141 488 1201 Collis
510 1154 570 1202 erat
597 1144 697 1202 leniter
725 1146 763 1203 ab
790 1145 890 1202 infimo
918 1144 1040 1205 acclivis.
1091 1142 1182 1201 Hunc

148 1266 177 1302 ιο
190 1260 226 1299 ex
245 1241 381 1298 omnibus
398 1240 457 1298 fere
471 1243 600 1317 partibus
614 1244 696 1318 palus
710 1243 831 1302 difficilis
846 1253 931 1320 atque
946 1241 1083 1318 impedita
1100 1242 1181 1316 cing·

190 1341 256 1398 ebat
283 1358 345 1398 non
373 1339 455 1397 latior
482 1340 605 1416 pedibus
630 1342 846 1418 quinquaginta.
889 1341 959 1400 Hoc
984 1360 1017 1400 se
1039 1340 1111 1399 colle
1136 1341 1180 1397 in-

189 1439 322 1514 terruptis
335 1438 473 1514 pontibus
489 1437 564 1496 Galli
575 1439 679 1498 fiducia
693 1439 749 1498 loci
764 1439 950 1498 continebant
963 1439 1181 1514 generatimque

189 1537 330 1596 distributi
358 1538 387 1595 in
415 1537 542 1595 civitates
569 1539 669 1598 omnia
691 1537 764 1596 vada
789 1556 823 1596 ac
845 1538 933 1596 saltus
957 1537 1030 1610 [eius
1053 1535 1179 1616 paludis]

189 1636 359 1694 obtinebant
381 1637 422 1697 sic
447 1640 546 1697 animo
569 1637 669 1712 parati,
694 1643 733 1703 ut,
757 1635 868 1694 sicam
892 1635 1030 1710 paludem
1054 1634 1182 1693 Romani

147 1761 174 1810 15
189 1753 374 1812 perrumpere
394 1746 574 1807 conarentur,
593 1734 768 1792 haesitantes
787 1743 951 1810 premerent
969 1753 1006 1791 ex
1026 1733 1094 1792 loco
1113 1751 1192 1810 sup·¹

189 1836 298 1906 eriore3
326 1844 367 1906 ut,
388 1836 437 1910 qui
461 1834 706 1911 propinquitatem
731 1832 787 1891 loci
810 1833 926 1904 videret,
949 1843 1067 1908 paratos
1087 1851 1182 1908 prope

189 1949 283 2008 aequo
309 1932 403 1991 Marte
428 1933 466 1992 ad
494 1932 691 1992 dimicandum
712 1931 901 2000 existimaret,
927 1931 977 2007 qui
1002 1931 1182 2008 iniquitatem

189 2030 370 2090 condicionis
399 2031 583 2107 perspiceret,
611 2030 690 2087 inani
723 2029 906 2088 simulatione
938 2047 1002 2087 sese
1037 2038 1183 2087 ostentare

188 2138 386 2205 cognosceret
428 2128 617 2205 Indignantes
637 2129 742 2186 milites
761 2127 878 2198 Caesar,
892 2126 971 2203 quod
991 2137 1183 2203 conspectum

145 2245 274 2288 aosuum
296 2226 394 2285 hostes
421 2227 546 2303 perferre
573 2237 694 2303 possent
721 2226 832 2284 tantulo
857 2225 952 2300 spatio
974 2225 1131 2296 interiecto,
1154 2235 1192 2284 et

189 2325 305 2398 signum
333 2324 433 2399 proelii
459 2334 650 2400 exposcentes
678 2324 790 2394 edocet,
815 2331 924 2400 quanto
954 2322 1127 2381 detrimento
1153 2333 1182 2381 et

189 2430 260 2496 quot
278 2421 402 2477 viromm
421 2421 537 2478 fortium
558 2432 651 2482 morte
672 2441 791 2481 necesse
812 2423 847 2481 sit
868 2431 1001 2479 constare
1015 2421 1181 2490 victoriam

190 2534 265 2593 quos
292 2535 359 2574 cum
386 2518 427 2576 sic
456 2519 555 2577 animo
582 2531 699 2596 paratos
723 2520 825 2589 videat,
848 2530 880 2578 ut
907 2519 1019 2578 nullum
1046 2537 1101 2594 pro
1129 2515 1192 2578 sua‘

188 2614 273 2672 laude
294 2615 451 2689 periculum
466 2629 607 2688 recusent,
622 2637 751 2678 summae
773 2637 804 2676 se
818 2617 974 2694 iniquitatis
993 2616 1183 2675 condemnari

147 2738 175 2788 ²5
189 2712 303 2783 debere,
325 2713 380 2772 nisi
401 2731 503 2772 eorum
523 2715 610 2774 vitam
632 2735 684 2775 sua
708 2717 798 2775 salute
819 2717 922 2775 habeat
943 2717 1091 2774 cariorem.
1134 2713 1183 2772 Sic

189 2811 293 2872 milites
315 2812 483 2872 consolatus
505 2814 610 2873 eodem
635 2815 681 2872 die
703 2815 811 2874 reducit
834 2815 865 2872 in
889 2824 983 2874 castra
1004 2814 1181 2890 reliquaque,

190 2927 264 2986 quae
293 2909 331 2968 ad
358 2913 608 2988 oppugnationem
638 2913 819 2990 pertinebant
845 2913 954 2989 oppidi,
982 2912 1182 2972 administrare

189 3008 317 3068 instituit.

231 3113 282 3166 20.
306 3106 534 3185 Vercingetorix,
556 3129 623 3169 cum
644 3109 682 3169 ad
703 3128 771 3169 suos
791 3109 920 3181 redisset,
942 3110 1113 3186 proditionis
1137 3110 1183 3168 in-

146 3226 177 3272 30
190 3206 348 3277 simulatus,
377 3207 456 3284 quod
484 3219 577 3268 castra
604 3211 724 3286 propius
751 3209 904 3268 Romanos
931 3211 1077 3280 movisset,
1102 3209 1184 3287 quod

190 3305 360 3362 cumomni
383 3307 510 3383 equitatu
538 3308 724 3378 discessisset,
748 3307 829 3383 quod
853 3307 925 3366 sinew
938 3308 1061 3385 imperio
1089 3317 1184 3368 tantas

190 3401 290 3475 copias
310 3403 479 3481 reliquisset,
495 3407 574 3484 quod
593 3407 653 3466 eius
671 3407 800 3466 discessu
814 3405 941 3464 Romani
962 3415 1042 3464 tanta
1061 3416 1194 3484 oppon·-¹

191 3497 298 3559 unitate
317 3511 345 3559 et
366 3501 508 3564 eeleritate
527 3505 689 3564 venissent:
710 3523 771 3563 non
789 3505 861 3564 haec
880 3505 979 3564 omnia
996 3505 1114 3564 fortuito
1132 3515 1191 3574 aut-
