2650 3918
132 211 270 284 35—37.
374 213 420 260 mr
443 195 728 262 aarr'o'oaarroo
751 199 861 262 cortu.
889 213 935 262 vr.
1044 179 1125 281 ¹1¹31

132 367 192 420 3&
206 359 318 434 Cicero',
354 365 405 440 qui
440 383 491 440 per
525 371 630 424 omnes
666 365 827 441 superiores
866 364 928 422 dies
966 361 1129 439 praeceptis

132 459 266 520 Caesaris
300 479 367 519 cum
401 481 516 520 summa
550 463 698 538 diligentia
725 463 830 522 milites
863 463 894 520 in
927 461 1036 520 castris¹
1059 459 1130 518 cori-

131 555 270 619 tinuisset
289 580 323 618 ac
348 579 385 620 ne
410 562 542 621 calonem
572 564 689 642 quidem
714 580 892 641 quemquam
920 570 1001 619 extra
1024 558 1130 617 munit-

132 660 230 717 ionem
250 661 347 734 egredi
362 677 464 738 passus
484 672 568 732 esset,
588 663 714 738 septimo
734 661 780 719 die
795 660 928 719 diffidens
949 660 986 717 de
1006 660 1127 715 numero

132 757 244 814 dierum
273 757 429 817 Caesarem
457 756 546 818 fidem
580 771 766 830 servaturum,
800 759 881 836 quod
913 757 1028 833 longius
1061 765 1157 831 pro-5

132 873 264 930 gressum
284 857 418 915 audiebat
437 877 531 935 neque
550 860 609 917 ulla
624 859 660 916 de
674 859 767 917 reditu
782 859 845 916 eius
859 857 937 916 fama
951 855 1130 922 afferebatur,

133 946 218 1011 simul
239 971 340 1012 eorum
361 967 509 1031 permotus
531 959 659 1027 vocibus,
682 957 731 1034 qui
753 956 831 1014 illius·
847 955 1016 1032 patientiam
1036 970 1131 1028 paene

133 1051 335 1109 obsessionem
363 1053 555 1130 appellabant,
585 1054 728 1130 siquidem
753 1072 789 1112 ex
815 1055 914 1113 castris
943 1051 1042 1129 egredi
1070 1067 1131 1107 non

117 1149 237 1228 liceret,
273 1150 384 1207 nullum
419 1153 562 1211 eiusmodi
593 1171 693 1210 casum
726 1162 906 1228 exspectans,
936 1169 994 1228 quo
1025 1159 1131 1208 novem

133 1249 275 1324 oppositis
293 1249 662 1328 legionibusmaximoque
680 1253 809 1328 equitatu
827 1253 962 1328 dispersis
982 1269 1016 1308 ae
1037 1266 1131 1325 paene
1148 1259 1177 1294 10

134 1347 235 1405 deletis
259 1347 392 1406 hostibus
416 1350 446 1407 in
470 1350 592 1408 milibus·
610 1369 749 1426 passuum
771 1351 861 1409 tribus
889 1351 997 1408 offendi
1021 1359 1131 1426 posset,

134 1446 262 1522 quinque
287 1446 421 1506 cohortes
445 1447 657 1507 frumentatum
673 1449 704 1506 in
728 1449 875 1526 proximas
904 1460 1016 1524 segetes
1038 1447 1131 1517 mittit,

134 1557 207 1618 quas
231 1545 305 1602 inter
328 1555 357 1602 et
382 1557 475 1604 castra
498 1555 575 1605 unus
601 1548 722 1605 omnino
749 1547 830 1606 collis
856 1548 999 1606 intererat.
1043 1544 1132 1604 Com-

133 1642 231 1718 plures
250 1652 330 1702 erant
349 1662 385 1702 ex
404 1645 568 1720 legionibus
589 1646 668 1720 aegri
688 1646 797 1718 relicti;
826 1665 862 1704 ex
882 1647 987 1723 quibus
1006 1645 1056 1721 qui
1074 1645 1132 1702 hoc

134 1740 228 1817 spatio
258 1740 370 1800 dierum
395 1743 607 1815 convaluerant,
638 1745 748 1803 circiter
773 1761 836 1816 ooo,
864 1746 919 1803 sub
947 1744 1049 1803 vexillo
1074 1741 1177 1802 una·¹'5

134 1840 304 1911 mittuntur;
336 1847 446 1916 magna
462 1851 612 1920 praeterea
630 1842 782 1900 multitudo
805 1842 948 1914 calonum,
970 1860 1077 1917 magna
1091 1825 1133 1900 vis

134 1938 341 2018 iumentorum,
354 1957 429 2015 quae
444 1940 474 1997 in
490 1940 590 1998 castris
612 1940 809 2009 subsederant,
831 1939 908 1998 faeta
931 1949 1074 2016 potestate
1089 1951 1137 1996 se·'

134 2035 237 2112 quitur.
266 2043 317 2097 87.
338 2037 408 2096 Hoc
423 2039 488 2114 ipso
503 2047 634 2114 tempore
650 2047 677 2096 et
689 2057 759 2096 casu
771 2037 909 2097 Germani
924 2039 1034 2114 equites
1048 2038 1134 2095 inter-

136 2133 255 2193 veniunt
279 2136 477 2213 protinusque
497 2136 603 2194 eodem
630 2135 688 2205 illo,
719 2147 778 2213 quo
806 2142 952 2208 venerant,
982 2139 1066 2194 eursu
1096 2125 1144 2194 ab*

136 2233 299 2292 decumana
313 2245 398 2311 porta
412 2237 442 2293 in
458 2246 551 2312 eastra
564 2235 722 2312 irrumpere
737 2246 889 2308 conantur,
904 2255 959 2294 nec
973 2236 1052 2312 prius
1068 2233 1135 2294 sunt
1149 2236 1182 2278 2⁶

135 2333 188 2390 visi
203 2332 323 2392 obiectis
338 2336 376 2392 ab
394 2353 428 2393 ea
443 2346 524 2412 parte
540 2335 624 2406 silvie,
640 2352 728 2411 quam
743 2336 842 2394 castris
860 2336 1134 2411 appropinquarent,

136 2437 228 2508 usque
243 2450 287 2503 e0,
302 2442 333 2490 ut
343 2434 394 2510 qui
408 2435 462 2492 sub
475 2434 549 2492 vallo
564 2433 716 2492 tenderent
730 2445 905 2493 mercatores
919 2433 1076 2510 recipiendi
1091 2435 1135 2492 sui

136 2531 302 2591 facultatem
316 2551 377 2590 non
392 2533 539 2592 haberent.
574 2533 766 2609 Inopinantes
781 2535 872 2592 nostri
890 2553 921 2592 re
935 2551 1011 2591 nova
1025 2535 1135 2609 pertur-

137 2631 250 2701 bantur,
272 2648 307 2688 ac
327 2632 374 2688 vix
393 2632 519 2708 primum
535 2632 676 2706 impetum
696 2633 803 2692 cohors
817 2633 856 2691 in·
867 2634 991 2692 statione
1006 2625 1134 2691 sustinet.⁴

137 2727 416 2788 Circumfunduntur
430 2747 467 2788 ex
481 2729 596 2806 reliquis
615 2728 715 2788 hostes
732 2732 869 2807 partibus,
885 2732 908 2790 si
923 2750 1011 2808 quem
1025 2731 1136 2790 aditum
1151 2739 1180 2788 ²5

137 2826 261 2903 reperire
294 2829 422 2904 possent.
483 2828 580 2904 Aegre
612 2841 710 2908 portas
744 2831 834 2889 nostri
856 2840 978 2901 tuentur,
1011 2830 1136 2906 reliquos

138 2925 233 2984 a'ditus
267 2925 350 2984 locus
385 2926 447 3002 ipse
482 2927 534 3003 p'er
568 2946 600 2986 se
636 2929 818 3004 munitioque
854 2929 993 2987 defendit.
1049 2927 1134 2987 Totis

137 3013 295 3100 tiepidatur
327 3021 436 3096 castris,
470 3035 556 3102 atque
585 3026 660 3100 alius
690 3044 726 3084 ex
760 3027 816 3085 alio
845 3045 964 3086 causam
997 3026 1134 3085 tumultus

139 3111 261 3199 quaerit;
289 3110 386 3199 neque
411 3141 470 3200 quo
496 3125 580 3200 signa
607 3120 742 3195 ferantur,
768 3144 864 3201 neque
893 3127 987 3202 quam
1004 3126 1035 3182 in
1060 3132 1144 3200 part-'·

138 3227 186 3281 eni
211 3221 334 3298 quisque
359 3223 521 3292 conveniat,
543 3223 702 3298 provident.
744 3223 826 3282 Alius
851 3224 909 3282 iam
934 3233 1026 3281 castra
1051 3231 1136 3297 capta
1150 3237 1181 3284 30

138 3306 316 3396 pronuntiat,
341 3320 412 3379 alius
438 3320 532 3380 deleto
557 3322 684 3380 exercitu
709 3331 796 3398 atque
820 3323 991 3398 imperatore
1013 3311 1137 3380 victores

138 3414 430 3478 barbaros-venisse
447 3420 613 3499 contendit3
648 3420 777 3497 plerique
805 3437 896 3477 novas
924 3419 978 3476 sibi
1005 3437 1042 3476 ex
1070 3419 1137 3479 loco

138 3516 293 3593 religiones
318 3515 431 3593 fingunt
446 3516 606 3594 Cottaeque
630 3529 658 3576 et
679 3519 782 3578 Titurii
808 3517 1006 3590 calamitatem,
1036 3517 1084 3594 qui
1107 3519 1137 3576 in

609 3627 668 3674 Ka
