2686 3910
128 204 266 273 82—86.
355 221 402 267 nr
423 220 534 268 narro
559 218 708 268 onrrrco
731 218 842 267 canu.
871 218 931 266 νιι
1066 215 1125 286 179

126 388 163 427 ex
196 380 332 446 quattuor
365 371 495 442 ducibus,
529 369 728 448 propinquum
760 369 1016 445 Vercingetorigis,
1044 385 1127 443 prae-

126 468 235 528 ficiunt.
278 469 329 527 Ille
344 488 380 527 ex
394 479 456 528 cast
458 471 496 527 ris
511 471 605 546 prima
622 470 717 546 vigilia
732 487 867 546 egressus
885 486 976 544 prope
992 465 1127 526 confecto

127 568 182 626 sub
203 567 327 626 lucem
320 569 419 627 itinere
440 579 508 644 post
529 578 661 626 montem
684 586 717 626 se
737 567 833 626 occult
822 568 889 624 tavit
908 567 1070 642 militesque
1091 584 1128 623 ex

127 676 272 725 nocturno
305 668 405 726 labore
434 685 498 726 sese
526 669 643 726 reficere
671 668 760 726 iussit.
803 665 915 726 Cum'
908 684 965 724 ram
993 665 1129 723 meridies

128 766 364 842 appropinquare
391 768 542 837 videretur,
564 767 603 825 ad
624 785 659 825 ea
680 777 781 838 castra,
803 784 877 842 quae
900 783 987 840 supra
1008 764 1129 822 demon·
1144 767 1157 817 ⁵

129 865 290 935 stravimus,
305 865 470 937 contendit;
494 865 656 940 eodemque
676 875 808 940 tempore
823 865 965 941 equitatus
979 863 1018 922 ad
1032 880 1130 937 camp-

130 972 221 1022 estres
251 965 427 1023 munitiones
456 965 593 1024 accedere
621 975 649 1024 et
671 965 798 1040 reliquae
827 965 928 1039 copiae
953 981 1006 1041 pro
1030 963 1130 1021 castris

129 1081 193 1122 sese
214 1063 369 1121 ostendere
391 1072 559 1139 coeperunt
603 1069 656 1121 84.
678 1063 900 1138 Vercingetorix
922 1081 958 1120 ex
978 1081 1043 1120 arce
1062 1061 1131 1119 Ale-

130 1163 190 1220 siae
205 1179 274 1220 suos
289 1163 473 1238 conspicatus
493 1181 529 1220 ex
548 1163 659 1240 oppido
680 1163 841 1238 egreditur;
863 1162 957 1233 cratis,
971 1161 1130 1236 longurios,

130 1260 288 1331 musculos,
303 1260 392 1320 falces
411 1261 587 1338 reliquaque,
603 1279 678 1337 quae
698 1260 857 1338 eruptionis
871 1279 959 1319 causa
972 1273 1130 1336 paraverat,
1148 1279 1178 1314 10

130 1359 248 1436 profert.
291 1359 440 1436 Pugnatur
453 1377 513 1418 uno
528 1371 660 1436 tempore
673 1361 815 1418 omnibus
834 1359 914 1432 locis
929 1370 1015 1437 atque
1033 1362 1134 1418 omnia

131 1467 327 1534 temptantur:
355 1477 430 1535 quae
456 1459 575 1517 minime
603 1459 664 1518 visa
690 1477 757 1535 pars
785 1458 868 1517 firma
895 1468 947 1530 est,
975 1460 1033 1518 huc
1061 1477 1141 1518 con--

131 1558 262 1616 curritur.
304 1556 507 1616 Romanomm
526 1575 630 1616 manus
650 1557 736 1615 tantis
757 1557 966 1616 munitionibus
984 1558 1133 1617 distinetur

131 1675 187 1715 nec
215 1656 299 1714 facile
327 1657 456 1732 pluribus
485 1657 557 1716 locis
584 1657 715 1715 occurrit.
758 1655 884 1714 Multum
913 1660 950 1717 ad
982 1658 1134 1716 terrendos

131 1766 249 1815 nostros
270 1755 346 1814 valet
366 1755 484 1825 clamor,
503 1755 554 1832 qui
574 1765 642 1832 post
662 1765 775 1832 tergum
796 1756 996 1831 pugnantibus
1018 1757 1133 1825 exstitit,
1150 1771 1177 1822 15

131 1855 215 1932 quod
248 1873 333 1912 suum
361 1854 521 1931 periculum
554 1855 584 1912 in
612 1854 705 1911 aliena
735 1854 835 1913 vident
863 1854 953 1913 salute
982 1865 1133 1913 constare:

132 1954 234 2013 omnia
247 1953 325 2012 enim
340 1953 520 2030 plerumque,
536 1971 611 2036 quae
633 1954 746 2023 absunt,
762 1952 961 2012 vehementius
980 1953 1134 2011 hominum

132 2062 247 2110 mentes
275 2053 452 2127 perturbant.
506 2057 559 2111 85.
581 2049 692 2109 Caesar
723 2050 862 2110 idoneum
895 2051 992 2110 locum
1023 2060 1135 2120 nactus,

133 2151 205 2227 quid
224 2155 340 2226 quaque
362 2169 398 2208 ex
419 2160 500 2227 parte
521 2160 645 2226 geratur,
661 2150 829 2225 cognoscit;
851 2150 1049 2209 laborantibus
1068 2151 1137 2208 sub.

134 2250 229 2308 mittit.
272 2247 410 2324 Utrisque
441 2242 482 2306 'ad
517 2249 648 2306 animum
682 2248 814 2318 occurrit,
843 2267 934 2307 unum
970 2267 1034 2308 esse
1068 2245 1137 2306 illud
1154 2273 1184 2307 ιο

134 2359 261 2422 tempus,
284 2365 344 2423 quo
367 2348 494 2405 maxime
520 2347 658 2406 contendi
686 2346 856 2406 conveniat:
886 2347 971 2420 Galli,
993 2348 1048 2406 nisi
1073 2365 1138 2422 per-

135 2446 272 2522 fregerint
294 2445 478 2518 munitiones,
501 2445 538 2504 de
580 2446 661 2504 omni
686 2445 776 2504 salute
806 2446 978 2522 desperant3
1008 2445 1138 2505 Romani

136 2547 160 2606 si
190 2564 253 2604 rem
286 2545 471 2614 obtinuerint,
505 2546 594 2604 finem
624 2544 756 2602 laborum
789 2546 922 2603 omnium
954 2555 1136 2622 exspectant.

136 2627 268 2703 Maxime
296 2643 333 2701 ad
361 2643 524 2720 superiores
552 2643 729 2701 munitiones
750 2642 902 2713 laboratur,
925 2662 985 2720 quo
1013 2643 1139 2702 Vercas-

136 2743 327 2802 sivellaunum
362 2743 486 2800 missurn
521 2740 790 2800 demonstravimus.
837 2740 974 2818 Iniquum
1009 2743 1065 2801 loci
1101 2744 1139 2800 ad
1155 2763 1183 2811 ²5

136 2839 329 2900 declivitatem
343 2839 490 2916 fastigium
510 2857 651 2914 magnum
670 2838 758 2899 habet
778 2850 968 2897 momentum.
1010 2841 1069 2900 Alii
1082 2843 1139 2899 tela

137 2937 298 3008 coniciunt,
312 2937 359 2996 alii
380 2939 524 2997 testudine
541 2938 618 2996 facta
639 2939 781 3009 subeunt;
811 2937 973 3014 defatigatis
994 2940 1024 2997 in
1045 2940 1138 2998 vicem

137 3036 243 3112 integri
257 3037 425 3095 succedunt.
467 3035 568 3112 Agger
589 3036 626 3094 ab
647 3036 787 3095 universis
805 3038 836 3095 in
856 3038 1047 3097 munitionem
1067 3056 1138 3096 con-

137 3139 228 3196 iectus
243 3145 271 3194 et
285 3153 441 3194 ascensum
461 3135 510 3193 dat
524 3135 614 3194 Gallis
635 3146 665 3194 et
682 3154 724 3206 ea,
740 3153 815 3212 quae
836 3137 867 3194 in
886 3147 960 3195 terra
977 3136 1139 3196 occultave-

136 3245 202 3294 rant
230 3234 367 3306 Romani,
390 3234 519 3310 contegit
526 3251 534 3304 ;
568 3253 622 3292 nec
650 3235 709 3294 iam
737 3254 818 3292 arma
845 3236 953 3295 nostris
983 3254 1038 3293 nec
1066 3237 1139 3293 vires
1154 3257 1185 3306 30

138 3343 305 3411 suppetunt.
349 3340 403 3392 86.
426 3332 483 3392 His
503 3334 588 3390 rebus
610 3335 736 3410 cognitis
757 3332 867 3393 Caesar
888 3323 1050 3392 Labienum
1072 3351 1139 3391 cum

138 3434 308 3494 cohortibus
340 3451 391 3492 sex
426 3431 556 3490 subsidio
589 3432 787 3491 laborantibus
820 3433 922 3490 mittit:
954 3433 1086 3508 imperat,
1115 3433 1140 3494 si

139 3534 281 3594 sustinere
305 3550 367 3591 non
391 3539 501 3608 posset,
523 3529 654 3591 deductis
678 3532 845 3592 cohortibus
869 3530 1020 3606 eruptione
1045 3550 1139 3608 pugn-

615 3649 665 3690 ua
