2686 3910
568 577 610 646 A.
650 576 809 646 HIRTII

307 831 402 913 DE
463 830 713 912 BELLO
771 829 1107 912 GALLICO

460 1099 746 1154 COMMENTARIUS
774 1099 946 1151 OCTAVUS.

509 1326 579 1390 BC.
602 1346 648 1406 51.
691 1329 803 1390 A.U.C.
824 1343 891 1406 703.
924 1341 927 1346 “

243 1532 359 1586 Renewal
380 1531 408 1581 of
420 1541 471 1581 war
481 1532 524 1596 'by
539 1531 582 1580 the
599 1531 720 1580 Carnutes
740 1528 789 1578 and
805 1527 937 1578 Bellovaci.
964 1527 1037 1593 Siege
1057 1528 1086 1578 of
1101 1525 1204 1586 ¹Uxello-

192 1617 308 1666 dunum.
339 1614 518 1664 Reductionof
527 1613 669 1678 Aquitania.
715 1610 915 1661 Pacificationof
924 1610 999 1660 Gaul.
1028 1611 1204 1676 Preparations

205 1700 244 1749 for
256 1697 313 1748 civil
324 1713 384 1747 war.

82 1800 127 1912 ts
247 1841 375 1901 Coactus
406 1839 532 1898 assiduis
565 1839 621 1896 tuis
653 1837 783 1908 vocibus,
819 1836 918 1908 Balbe,
952 1855 1020 1896 curn
1053 1837 1203 1895 cotidiana

206 1960 272 2000 mea
294 1939 437 1998 recusatio
466 1930 528 1996 nori
550 1935 722 1994 difficultatis
750 1936 978 2006 excusationem,
1005 1934 1057 1993 sed
1081 1935 1202 1994 inertiae

206 2040 349 2098 videretur
370 2035 606 2113 deprecationem
627 2034 744 2105 habere,
765 2053 827 2091 rem
852 2034 1051 2092 difficillimam
1076 2035 1202 2110 suscepi.

208 2135 342 2196 Caesaris
364 2133 454 2193 nostri
476 2133 702 2192 commentarios
723 2150 819 2190 rerum
840 2143 988 2208 gestarum
1006 2131 1118 2191 Galliae
1140 2151 1203 2191 non

180 2263 193 2312 5
209 2234 430 2295 cohaerentibus
450 2231 647 2307 superioribus
664 2239 751 2306 atque
769 2230 988 2306 insequentibus
1006 2232 1068 2290 eius
1086 2232 1203 2308 scriptis

209 2332 344 2392 contexui
383 2313 631 2404 novissimumque
673 2327 874 2404 imperfectum
914 2331 950 2388 ab
988 2331 1075 2389 rebus
1113 2331 1204 2406 gestis

207 2429 400 2488 Alexandriae
428 2426 542 2485 confeci
569 2443 660 2502 usque
689 2425 727 2483 ad
752 2426 861 2484 exitum
885 2446 947 2487 non
971 2429 1090 2504 quidem
1114 2429 1205 2488 civilis

208 2526 405 2595 dissensionis,
420 2525 502 2582 cuius
516 2523 606 2580 finem
620 2523 731 2581 nullum
745 2523 884 2594 videmus,
904 2525 957 2584 sed
970 2526 1045 2584 vitae
1060 2525 1205 2586 Caesaris.

209 2625 294 2698 Quos
321 2625 434 2682 utinam
461 2622 510 2698 qui
538 2621 636 2697 legent
661 2621 733 2680 seire
757 2623 871 2697 possint
895 2641 984 2699 quam
1011 2625 1116 2684 invitus
1140 2644 1205 2686 sus-

166 2761 195 2796 ,ο
210 2725 336 2800 ceperim
365 2720 544 2790 scribendos,
578 2737 636 2796 quo
666 2719 777 2778 facilius
808 2739 923 2780 caream
956 2723 1090 2782 stultitiae
1118 2733 1206 2801 atque

210 2823 391 2900 arrogantiae
412 2820 541 2889 crimine,
563 2819 612 2894 qui
633 2837 682 2876 me
704 2818 807 2878 mediis
828 2819 1050 2896 interposuerim
1072 2822 1207 2883 Caesaris

211 2923 334 2999 scriptis.
376 2919 500 2980 Constat
521 2919 600 2976 enim
624 2918 699 2975 inter
720 2933 824 2976 omnes
845 2919 915 2978 nihil
936 2930 997 2979 tam
1018 2941 1143 2998 operose
1168 2925 1208 2982 ab

211 3023 272 3082 aliis
294 3038 358 3078 esse
380 3017 550 3094 perfectum,
572 3015 653 3091 quod
674 3033 737 3074 non
757 3015 862 3076 horum
887 3019 1032 3094 elegantia
1056 3039 1209 3080 commen-

211 3123 349 3181 tariorum
375 3127 532 3193 superetur.
577 3113 637 3186 Qui
664 3124 731 3173 sunt
753 3115 829 3187 editi,
856 3135 893 3175 ne
919 3119 1039 3178 scientia
1063 3129 1210 3179 tantarum

169 3253 196 3302 15
211 3237 306 3279 rerum
342 3215 529 3291 scriptoribus
563 3213 686 3282 deesset,
720 3213 854 3290 adeoque
887 3218 1046 3291 probantur
1076 3220 1211 3278 omnium

211 3320 327 3390 iudicio,
357 3325 389 3374 ut
424 3322 584 3389 praerepta,
621 3332 683 3372 non
710 3314 840 3391 praebita
871 3314 991 3375 facultas
1022 3318 1210 3394 scriptoribus

214 3419 350 3476 videatur.
393 3414 484 3474 Cuius
506 3424 604 3472 tamen
623 3414 664 3471 rei
685 3413 778 3471 maior
799 3423 908 3484 nostra,
926 3433 1015 3490 quarn
1032 3417 1212 3493 reliquorum

214 3525 258 3573 est
271 3515 440 3574 admiratio:
462 3515 549 3572 ceteri
564 3512 652 3584 enim,
667 3529 756 3589 quam
775 3512 850 3570 bene
870 3521 956 3588 atque
976 3515 1140 3590 emendate,
1155 3534 1212 3576 nos
