2630 3916
103 217 244 287 49-53
359 211 407 262 oa
427 213 537 262 samo
560 213 713 263 orraroo
733 215 846 264 coram
867 215 891 266 ι.
1057 219 1098 285 31

102 364 267 424 adnoribus
303 364 460 458 consutor,
502 364 619 476 ιιιιιιιι
622 364 720 424 minas
759 363 942 424 multitudine
975 362 1098 422 militum

102 463 333 540 legionariorum
351 481 466 539 proo
379 435 589 521 ιιἪιιιιι
572 461 698 543 pumero
722 461 843 534 valebat,
862 473 902 522 ut
912 463 954 522 ad
970 463 1099 540 speciem

103 560 198 622 alariis
214 569 356 618 uteretur·
349 561 441 637 ,ipse
460 532 562 639 triplici
581 559 720 620 instructa
742 560 804 620 acie
827 577 920 637 usque
941 560 980 619 ad
1002 569 1098 620 castra

102 658 232 719 hostium
246 659 385 718 accessit,
426 659 506 718 Tu'm
527 659 645 717 demum
669 660 833 718 necessario
861 659 1002 719 Germani
1030 673 1098 748 suas

104 757 206 834 copias
226 757 328 816 <astris
351 757 512 816 eduxerunt
538 757 757 834 generatimque
784 758 994 816 constituerunt
1020 743 1097 832 pari-
1111 772 1126 823 5

17 889 19 894 .
103 855 274 932 basqueint
262 841 394 928 etrvallis,
409 854 555 940 Harudes,
573 855 792 926 Marcomanos,
813 855 966 927 Triboces,
986 854 1099 932 Vangi-

104 973 186 1027 ones,
209 953 360 1025 Nemetes,
384 953 532 1025 Sednsios,
552 952 674 1032 Suebos,
694 971 871 1031 omnemque
896 954 990 1013 aciem
1013 972 1098 1014 suam

88 1053 181 1115 tradis
203 1060 233 1110 et
254 1053 358 1111 carris
346 1046 625 1130 circumdederunt,
605 1061 677 1110 tue
701 1071 760 1129 qua
782 1053 901 1130 apesin
922 1052 1098 1130 fugarelin·
1177 1097 1179 1104 .

103 1159 249 1228 queretur
280 1123 396 1226 idq
366 1151 518 1262 ιιιιιιιιιιι
547 1151 760 1226 imposuerunt,
784 1167 860 1228 quae
892 1153 923 1218 in
955 1152 1099 1229 proelium

103 1247 321 1324 proficiscentes
341 1245 436 1325 passis
455 1220 592 1308 manibus
612 1248 716 1308 flentes
737 1249 940 1328 implorabant,
958 1269 996 1308 ne
1017 1269 1049 1309 se
1069 1251 1100 1308 in
1113 1273 1144 1310 ιο

17 1355 21 1362 ’
104 1348 270 1406 servitutem
280 1345 425 1406 Romame
435 1347 588 1406 traderent
621 1354 672 1406 52.
687 1346 796 1408 Caesar
807 1348 927 1425 singulte
936 1348 1099 1424 legiombus

104 1445 237 1522 singulos
251 1445 363 1522 legatos
382 1453 412 1504 et
433 1454 618 1522 quaestorem
634 1445 781 1523 praefecit,
794 1447 836 1505 uti
854 1464 906 1506 eos
927 1455 1016 1506 testes
1030 1463 1100 1506 suae

104 1544 228 1620 quisque
248 1543 358 1602 virtutis
379 1543 516 1616 haberet3
543 1543 607 1619 ipse
634 1563 652 1602 a
680 1545 781 1603 dextro
803 1562 903 1616 cornu,
925 1545 1007 1622 quod
1032 1563 1099 1604 earn

103 1651 216 1718 partem
227 1641 348 1700 minime
359 1641 474 1700 firmam
484 1641 612 1700 hostium
623 1659 688 1701 esse
699 1642 946 1716 animadverterat,
957 1644 1100 1720 proelium

104 1735 258 1795 commisit.
301 1735 346 1795 Ita
365 1736 458 1795 nostri
476 1735 577 1794 acriter
594 1736 625 1794 in
643 1735 744 1796 hostes
763 1737 849 1813 signo
869 1737 937 1796 dato
957 1739 1144 1828 impetqrm15

104 1831 244 1905 iecerunt,
271 1833 370 1910 itaque
396 1833 496 1894 hostes
527 1842 646 1909 repente
674 1834 859 1911 celeriterque
886 1847 1099 1912 procurrerunt,

104 1941 137 1992 ut
147 1933 350 2048 ιιιιιιιιιιιι,Μ
299 1932 382 2041 ιιιιιι
374 1951 405 2016 qn
425 1933 524 1994 hostes
543 1930 706 1994 coniciendi
726 1951 787 1992 non
808 1933 930 1993 daretur.
973 1934 1099 1993 Reiectis

104 2030 170 2106 pilis
183 2003 359 2090 comminus
359 2006 466 2107 'gladiis
479 2041 641 2108 pugnatum
660 2041 713 2090 est.
754 2032 794 2090 At
814 2030 954 2090 Germani
971 2032 1100 2090 celeriter

105 2147 141 2188 ex
169 2128 380 2189 consuetudine
408 2149 460 2190 sua
487 2129 631 2206 phalange
666 2129 742 2190 facta
775 2130 902 2204 impetus
937 2129 1099 2204 gladiorum

105 2195 291 2303 ιιῶριιιιιιι
348 2227 467 2341 Reperti
500 2238 567 2288 sunt
601 2227 765 2304 complures
792 2227 894 2314 nostri
910 2227 1021 2310 milites,
1050 2228 1099 2304 qui
1113 2251 1143 2286 ιο

104 2326 135 2384 in
163 2324 324 2402 phalangas
352 2297 491 2388 insilirent
518 2336 547 2386 et
579 2337 660 2386 scuta
630 2325 821 2386 tmanibus
852 2291 1019 2386 reuellerent
1058 2323 1099 2406 [et

105 2423 230 2500 desuper
251 2423 454 2499 vulnerarem.
495 2423 573 2484 Cum
593 2425 720 2486 hostium
741 2425 857 2484 aciesa
838 2425 992 2484 asinistro
1007 2442 1099 2484 cornu

104 2522 189 2600 pulsa
221 2531 308 2598 atque
339 2523 370 2582 in
403 2522 503 2600 lugam
537 2541 677 2588 conuersa
709 2532 795 2594 esset,
823 2541 842 2582 a
872 2522 974 2582 dextro
1007 2541 1099 2583 cornu

103 2620 291 2679 vehementer
310 2613 492 2682 multitudiue
516 2639 634 2686 suorum
654 2630 785 2680 nostram
805 2621 898 2680 aciem
918 2623 1097 2698 premebant

103 2718 140 2777 Id
168 2735 237 2776 cum
264 2719 514 2780 animadvertisset
541 2721 658 2780 Publius
686 2715 808 2778 Crassus
839 2718 1020 2792 adulescens,
1048 2722 1097 2798 qui
1111 2751 1141 2800 ιι

70 2829 83 2886 ᾖ
103 2817 243 2896 equitatui
264 2827 404 2892 praeerat,
425 2819 506 2895 quod
526 2818 687 2895 expeditior
711 2827 772 2876 erat
796 2835 884 2894 quam
904 2818 932 2889 ii,
954 2819 1003 2896 qui
1024 2819 1098 2878 inter

105 2917 201 2977 aciem
220 2916 414 3003 versabantur?
436 2918 548 2981 tertiam
572 2918 664 2978 aciem
684 2916 881 2976 laborantibus
901 2919 1008 2976 nostris
1029 2920 1097 2977 sub-

103 3014 177 3074 sidio
198 3013 284 3073 misit.
330 3019 380 3074 53.
411 3015 457 3074 Ita
476 3015 616 3091 proelium
637 3015 799 3094 restitutum
819 3023 871 3086 est,
886 3025 972 3092 atque
992 3033 1096 3076 omnes

101 3112 202 3171 hostes
222 3121 304 3193 tpr‘ga
322 3123 467 3172 verterunt
486 3132 581 3190 neque
602 3114 682 3190 prius
694 3113 794 3190 fugere
816 3112 992 3184 destiterunt,
1008 3130 1096 3183 opam
1202 3109 1204 3114 ’
1296 3093 1297 3122 ³

102 3210 139 3268 ad
167 3210 278 3269 flumen
307 3211 446 3270 Rhenum
473 3212 550 3270 milia
577 3207 716 3287 ‘passuum
751 3229 788 3269 ex
815 3229 851 3269 eo
884 3210 950 3294 loco
985 3210 1095 3268 err-citer
1108 3239 1139 3288 30

101 3308 231 3386 quinque
245 3319 445 3384 pervenerunt.
489 3309 534 3368 Ibi
545 3311 683 3386 perpauci
694 3320 743 3369 aut
753 3310 859 3367 viribus
870 3309 972 3369 conlisi
983 3318 1094 3366 tranare

102 3406 317 3466 contenderunt
331 3417 380 3466 aut
393 3407 523 3468 lintribus
537 3409 659 3469 inventis
674 3408 728 3466 sibi
747 3407 869 3466 salutem
889 3415 1093 3483 reppererunt;

102 3507 133 3564 in
154 3505 201 3566 his
227 3505 279 3566 fuit
303 3506 473 3579 Ariovistus,
494 3507 544 3585 qui
570 3507 732 3566 naviculam
756 3505 910 3582 deligatam
937 3504 975 3563 ad
1001 3505 1094 3582 ripam

1291 3521 1297 3680 l
