2630 3916
177 191 218 276 58
480 211 509 259 o.
531 209 629 258 mm
648 209 823 260 cursurus
1124 211 1176 260 ur.

523 323 536 339 ss

175 293 364 434 pugnaretur'.3
402 364 449 418 to.
471 348 542 433 Quo'
564 332 684 438 proelio'
698 361 805 420 bellum
829 359 1012 428 Venetorum
1031 358 1178 434 totiusque

176 473 245 514 orae
261 457 422 516 maritimae
440 458 609 518 confectum
630 468 683 518 est.
725 459 805 518 Nam
825 423 901 518 cuni
915 457 1013 517 omnis
1033 457 1177 534 iuveptus,

175 571 280 613 omnes
298 556 384 614 etiarn
401 557 540 633 gravioris
559 557 731 645 aetatisin
743 557 848 634 quibus
869 557 906 614 ali
928 556 979 615 uid
999 540 1115 615 consilii
1128 563 1178 612 aut

176 652 226 728 dig
269 654 322 712 atis
349 653 411 725 fuit,
435 672 472 713 eo
499 638 791 728 convenerant,²)tum
819 573 1042 730 naviuid'quod
1069 653 1177 729 ubique

147 749 267 810 sfuerat
291 752 321 809 in
348 769 440 810 unum
466 752 565 812 locum
592 760 765 829 coegerant3
801 753 907 830 quibus
934 752 1049 812 amissis
1076 750 1177 828 reliqui

175 867 270 925 neque
302 867 362 926 quo
397 869 428 910 se
455 850 625 927 reciperent,
656 869 753 928 neque
787 850 1039 928 quemadmodum
1067 849 1178 926 oppida

174 947 372 1019 defenderent,
399 948 554 1008 habebant
596 949 699 1026 Itaque
727 967 760 1008 se
793 968 902 1027 suaque
950 949 1030 1008 mnia
1058 947 1176 1007 Caesari
1212 947 1215 952 ’
1309 928 1310 1012 J

175 1046 355 1105 dediderunt.
397 1046 434 1105 In
448 1062 523 1123 quos
538 1066 575 1106 eo
589 1049 704 1124 gravius
719 1047 828 1108 Caesar
842 967 1050 1108 numdandum
1070 1046 1176 1116 statuit,

174 1163 234 1222 quo
250 1144 414 1220 diligentius
431 1146 462 1203 in
475 1145 618 1223 reliquum
631 1157 748 1223 tempus
767 1166 785 1206 a
801 1147 930 1206 barbaris
952 1147 997 1206 ius
1015 1146 1176 1222 legatorum

132 1259 162 1296 10
174 1243 398 1303 conservaretur.
439 1243 542 1322 Itaque
577 1247 660 1329 omui
691 1256 793 1305 senatu
824 1255 930 1304 necato
962 1245 1089 1322 reliquos
1120 1245 1175 1302 sub

174 1360 285 1402 corona
297 1342 434 1401 vendidit.

215 1447 262 1501 17.
284 1437 365 1500 Dum
385 1440 458 1500 haec
479 1442 509 1500 in
530 1442 652 1501 Venetis
671 1451 819 1519 geruntur,
837 1441 876 1515 Q.
899 1442 1029 1501 Titurius
1051 1441 1174 1502 sabinus

174 1558 242 1598 cum
256 1541 291 1599 iis
305 1541 406 1616 copiis,
418 1558 492 1617 quas
505 1559 523 1600 a
537 1539 663 1599 Caesare
677 1550 838 1617 acceperat,
855 1541 884 1600 in
900 1541 974 1600 fines
984 1539 1175 1600 Venellorum

173 1639 310 1714 pervenit.
353 1623 416 1696 Hid
429 1648 562 1714 praeerat
579 1637 731 1696 Viridovix
753 1657 787 1696 ac
807 1656 953 1697 summam
968 1638 1080 1714 imperii
1094 1647 1174 1697 tene·
1213 1647 1215 1651 '

131 1738 222 1810 rfliat
247 1754 347 1794 earum
371 1737 504 1795 omnium
532 1737 685 1808 civitatum,
709 1755 785 1812 quae
809 1736 984 1809 defecerant,
1008 1754 1044 1795 ex
1069 1736 1174 1813 quibus

174 1836 333 1894 exercitum
347 1853 528 1912 magnasque
548 1835 649 1910 copias
663 1841 815 1912 coeperam
837 1846 925 1911 atque
939 1836 984 1894 his
998 1836 1099 1913 paucis
1113 1835 1174 1894 die·

173 1900 372 1992 busiiiuterei-
395 1933 575 1992 Eburovices
602 1931 781 2009 Lexouiique
806 1944 909 1994 senatu
938 1953 990 1994 suo
1013 1933 1174 2004 interfecto,

169 2034 254 2109 quod
275 2042 407 2092 auctores
427 2032 494 2091 beili
515 2050 580 2092 esse
605 2032 751 2104 nolebant,
772 2044 873 2110 portas
898 2033 1061 2092 clauserunt
1084 2049 1174 2108 seque

173 2149 241 2189 cum
252 2131 418 2190 Viridovice
429 2131 659 2190 coniunxemnt:
676 2149 843 2208 magnaque
857 2141 1006 2208 praeterea
1019 2130 1175 2190 multitudo

130 2259 160 2294 20
173 2230 299 2305 undique
314 2249 351 2288 ex
363 2229 458 2289 Gallia
470 2230 651 2306 perditorum
664 2230 818 2289 hominum
831 2231 1033 2308 latronumque
1047 2248 1174 2289 conven-

173 2337 241 2396 erat,
256 2345 331 2402 quos
350 2347 418 2403 spes
433 2329 593 2405 praedandi
607 2329 793 2406 studiumque
806 2330 933 2389 bellandi
948 2330 986 2388 ab
1000 2327 1174 2406 agricultura

172 2434 201 2482 et
229 2425 376 2486 cotidiano
404 2426 504 2484 labore
532 2427 705 2484 revocabat„
746 2427 872 2486 Sabinus
899 2429 1009 2487 idoneo
1036 2379 1185 2486 omnibus]

171 2523 257 2580 rebus
276 2522 343 2581 loeo
364 2523 465 2582 castris
483 2542 547 2582 sese
568 2526 703 2598 tenebat;
725 2509 793 2586 cum
814 2525 964 2584 Viridovix
984 2535 1086 2584 contra
1105 2541 1174 2582 eum

171 2619 262 2678 duum
281 2620 392 2678 milium
411 2622 505 2698 spatio
525 2623 706 2682 consedisset
724 2624 888 2701 cotidieque
908 2623 1057 2701 productis
1078 2623 1171 2698 copiis

128 2747 157 2796 ²5
171 2719 322 2794 pugnandi
341 2728 515 2795 potestatem
533 2720 649 2794 iaceret,
663 2731 695 2781 ut
713 2724 773 2782 iam
794 2742 855 2782 non
877 2723 974 2781 solum
990 2722 1123 2780 hostibus
1142 2721 1173 2778 in

171 2818 421 2893 contemptionem
437 2818 561 2908 Sabinus
574 2823 692 2892 veniret,
704 2823 853 2882 sedetiam
868 2831 1035 2881 nostrorum
1049 2819 1172 2878 militum

169 2914 290 2973 vocibus
315 2915 457 2974 nonnihil'
470 2928 648 2994 carperetur;
677 2930 845 2997 tantamque
870 2919 1040 2996 opinionem
1059 2917 1172 2986 timoris

170 3014 309 3088 praebuit,
325 3023 357 3072 ut
376 3015 434 3072 iam
453 3015 491 3074 ad
505 3017 612 3076 vallum
632 3029 794 3078 castrorum
812 3019 911 3079 hostes
926 3017 1064 3076 accedere
1083 3014 1171 3074 aude-

70 3125 75 3133 ·
170 3121 240 3168 rent.
285 3111 376 3170 Idea
395 3112 431 3171 de
450 3132 539 3172 causa
553 3116 685 3188 faciebat,
700 3118 782 3193 quod
801 3136 869 3176 cum
888 3125 969 3175 tanta
989 3112 1172 3173 multitudine

126 3231 158 3277 30
170 3206 304 3280 hostium,
320 3211 489 3284 praesertim
504 3230 540 3270 eo
556 3191 685 3286 absenie,
700 3216 750 3290 qui
765 3234 911 3274 summam
924 3215 1038 3290 imperii
1081 3222 1172 3283 neret,

170 3306 225 3361 nisi
247 3323 342 3381 aequo
363 3307 430 3366 loco
451 3317 501 3365 aut
522 3313 739 3386 opportunitate
761 3313 858 3390 aliqua
880 3313 948 3372 data
967 3223 1080 3388 legatde
1088 3311 1173 3368 dimi·

171 3402 298 3470 candum
330 3422 392 3463 non
424 3407 617 3469 existimabat.
659 3418 707 3471 18.
730 3412 797 3470 Hac
830 3411 1000 3471 confirmata
1030 3408 1174 3486 opinione

171 3496 282 3558 timoris
309 3502 449 3562 idoneum
477 3508 626 3581 quendam
655 3510 810 3583 ,hominem
837 3520 866 3569 et
893 3508 1028 3569 callidum
1056 3507 1172 3584 delegit,
