2686 3910
215 185 277 246 166
521 203 567 251 re.
592 202 687 250 rurrr
707 201 883 251 errsrnrs
937 247 938 250 ,
1081 214 1102 246 .·
1144 203 1213 251 vrun

210 366 275 406 rum
294 349 325 406 in
344 348 447 408 eadem
465 361 546 426 parte
566 352 695 410 exaudiri
712 358 743 410 et
761 351 849 426 paulo
871 349 945 408 infra
964 350 1068 408 milites
1088 349 1212 407 navibus

210 451 407 523 transportari:
451 448 567 520 Quibus
606 450 693 507 rebus
735 449 847 519 auditis,
886 447 972 524 quod·
1006 448 1212 506 existimabant

210 546 302 604 tribus
337 547 408 606 locis
443 550 564 606 transire
599 547 731 622 legiones
766 557 853 622 atque
887 565 991 604 omnes
1028 546 1212 621 perturbatos

211 643 375 703 defectione
406 645 578 704 Aeduorum
605 645 705 721 fugam
733 664 843 721 parare,
872 663 939 703 suas
967 662 1084 720 quoque
1109 645 1211 718 copias

182 743 241 809 5in
272 752 330 801 tres
362 754 458 818 partes
491 744 705 802 distribuerunt.
749 743 827 801 Nam
862 743 1007 818 praesidio
1040 761 1056 800 e
1090 743 1211 817 regione

211 852 371 900 castrorum
392 842 492 901 relicto
513 851 541 900 et
561 859 650 916 parva
669 859 759 900 manu
778 841 974 901 Melodunum
994 858 1093 900 versus
1112 841 1210 909 missa,

210 958 285 1016 quae
317 949 428 998 tantum
459 939 668 1016 progrediatur,
697 949 838 1016 quantum
870 957 958 996 naves
989 939 1210 1014 processissent,

209 1038 335 1113 reliquas
349 1039 449 1114 copias
466 1048 567 1096 contra
582 1037 744 1096 Labienum
760 1038 911 1096 duxerunt.
954 1044 1004 1096 62.
1028 1036 1125 1098 Prima
1145 1037 1211 1113 luce

210 1145 239 1194 et
252 1138 343 1195 nostri
360 1154 464 1194 omnes
483 1144 566 1195 erant
586 1137 772 1210 transportati
787 1144 815 1193 et
836 1136 964 1193 hostium
978 1136 1055 1194 acies
1070 1135 1211 1194 cerneba-

167 1258 197 1292 ro
210 1245 263 1293 tur.
306 1234 452 1292 Labienus
473 1234 577 1292 milites
599 1234 776 1306 cohortatus,
796 1244 828 1293 ut
849 1251 920 1293 suae
940 1234 1078 1310 pristinae
1100 1234 1211 1292 virtutis

209 1342 238 1392 et
258 1332 535 1411 secundissimorum
556 1333 733 1408 proeliorum
754 1333 925 1391 memoriam
946 1333 1101 1390 retinerent
1122 1341 1210 1407 atque

143 1469 145 1480 ·
209 1433 306 1506 ipsum
331 1427 496 1501 Caesarem,
523 1431 605 1489 cuius
630 1431 719 1488 ductu
743 1449 955 1506 saepenumero
980 1430 1080 1488 hostes
1109 1448 1210 1504 super-

210 1536 317 1597 assent,
338 1537 522 1602 praesentem
543 1529 655 1588 adesse
667 1530 873 1601 existimarent,
891 1530 940 1586 dat
961 1529 1078 1605 signum
1099 1528 1209 1604 proelii.

209 1625 308 1683 Primo
334 1643 479 1685 concursu
504 1629 542 1685 ab
568 1627 670 1685 dextro
696 1644 795 1698 cornu,
817 1627 868 1685 ubi
893 1628 1016 1701 septima
1039 1626 1115 1702 legio
1128 1645 1210 1686 vcon·

167 1739 195 1797 15
210 1725 327 1795 stiterat,
358 1724 458 1782 hostes
486 1725 632 1799 pelluntur
660 1734 746 1800 atque
761 1725 791 1781 in
819 1725 919 1800 fugam
942 1725 1140 1798 coniciuntur;
1173 1727 1211 1786 ab

189 1805 335 1892 sinistro,
357 1841 445 1898 quem
466 1823 564 1882 locum
587 1823 761 1882 duodecima
785 1823 862 1898 legio
884 1824 1008 1894 tenebat,
1030 1842 1098 1881 eum
1124 1825 1211 1899 primi

209 1921 326 1980 ordines
347 1922 475 1980 hostium
495 1923 624 1980 transfixi
644 1922 709 1980 telis
729 1923 933 1993 concidissent,
952 1931 1049 1980 tamen
1068 1923 1209 1982 acerrime

208 2020 310 2096 reliqui
331 2019 510 2091 resistebant,
531 2039 585 2078 nec
608 2021 696 2078 dabat
718 2021 915 2095 suspicionem
936 2019 1023 2096 fugae
1044 2023 1209 2098 quisquam.

209 2119 279 2194 Ipse
314 2118 373 2176 dur
404 2116 532 2200 hostium
561 2118 780 2194 Camulogenus
812 2119 872 2176 suis
903 2117 1002 2176 aderat
1036 2129 1123 2194 atque
1158 2139 1211 2180 eos

166 2239 196 2274 πο
209 2216 422 2275 cohortabatur.
474 2217 591 2277 Incerto
626 2236 704 2276 nunc
735 2218 822 2275 etiam
857 2219 935 2275 exitu
965 2217 1111 2290 victoriae,
1140 2237 1210 2278 cum

209 2315 349 2388 septimae
371 2314 496 2391 legionis
518 2316 639 2374 tribunis
661 2325 737 2374 esset
758 2316 929 2387 nuntiatum,
947 2334 1023 2391 quae
1043 2317 1074 2374 in
1093 2317 1209 2377 sinistro

210 2429 302 2470 cornu
328 2423 505 2488 gererentur,
527 2423 596 2489 post
617 2424 730 2490 tergum
755 2412 882 2472 hostium
906 2413 1052 2489 legionem
1073 2417 1211 2475 ostende·

208 2520 275 2568 runt
305 2511 447 2587 signaque
477 2512 642 2571 intulerunt.
685 2511 732 2570 Ne
760 2531 796 2571 eo
826 2512 944 2588 quidem
972 2522 1104 2588 tempore
1132 2516 1211 2591 quis-

210 2627 300 2684 quam
335 2610 402 2669 loco
437 2611 531 2680 cessit,
569 2611 620 2669 sed
652 2612 838 2670 circumventi
872 2629 976 2670 omnes
1010 2613 1211 2690 interfectique

167 2731 195 2780 25
213 2717 288 2766 sunt.
331 2707 473 2769 Eandem,
492 2708 652 2767 fortunam
667 2710 729 2768 tulit
758 2707 983 2786 Camulogenus
1027 2711 1066 2769 At
1099 2713 1128 2784 ii,
1160 2714 1211 2790 qui

209 2805 355 2880 praesidio
378 2817 481 2865 contra
501 2818 594 2866 castra
615 2807 736 2866 Labieni
758 2817 839 2865 erant
859 2807 958 2879 relicti,
979 2827 1046 2866 curn
1067 2811 1211 2886 proelium

209 2905 400 2964 commissum
422 2907 578 2978 audissent,
599 2907 729 2965 subsidio
748 2906 807 2964 suis
829 2906 923 2963 ierunt
942 2907 1104 2983 collemque
1124 2929 1211 2988 cepe-

208 3009 283 3072 runt,
303 3020 398 3078 neque
418 3014 584 3064 nostrorum
603 3005 725 3063 rnilitum
743 3005 885 3062 victorum
908 3004 1048 3080 impetum
1068 3009 1212 3070 sustinere

209 3109 375 3174 potuerunt.
420 3101 468 3160 Sic
493 3121 562 3160 cum
590 3104 650 3162 suis
674 3103 851 3179 fugientibus
880 3103 1024 3178 permixti,
1049 3123 1124 3181 quos
1149 3127 1212 3167 non

166 3225 197 3271 30
211 3195 298 3254 silvae
335 3208 509 3275 montesque
545 3211 685 3272 texerunt,
723 3201 760 3258 ab
797 3201 926 3275 equitatu
962 3212 1029 3263 sunt
1059 3205 1211 3266 interfecti.

210 3295 280 3354 Hoc
302 3299 421 3372 negotio
444 3299 579 3358 consecto
602 3300 749 3359 Labienus
771 3299 920 3359 revertitur
943 3299 1137 3376 Agedincum,
1161 3307 1211 3366 ubi

210 3392 418 3465 impedimenta
455 3397 543 3457 totius
582 3401 723 3458 exercitus
760 3399 859 3457 relicta
896 3409 996 3458 erant:
1036 3401 1105 3462 inde
1141 3424 1210 3466 cum

211 3490 346 3549 omnibus
368 3495 462 3569 copiis
485 3496 524 3554 ad
547 3495 703 3556 Caesarem
724 3497 862 3574 pervenit.
