2650 3918
112 180 251 248 39-43.
306 233 311 254 f
340 177 386 224 DE
407 175 517 226 BELLO
541 175 690 226 GALLIOO
712 175 822 226 ΟΟΜΜ.
851 177 880 226 V.
1046 179 1108 246 103

225 249 319 341 almo
334 261 389 297 aaut
405 243 497 289 ΗΜ

97 340 150 437 'qne
172 331 348 412 nocturnum
370 313 563 422 quiderfflsibl
582 337 696 404 tempus
717 326 755 386 ad
774 327 901 403 quietem
921 324 1109 402 relinquebat,

112 425 144 484 ut
163 423 238 486 ultro
255 427 378 486 militum
396 401 540 485 concu'idu
559 443 593 484 ac
611 426 731 486 vocibus
746 425 800 485 sibi
814 443 933 502 parcere
948 435 1109 501 cogeretur.

7 569 8 604 ,
112 531 159 586 41.
183 525 270 584 Tunc
291 524 381 585 duces
406 524 609 600 principesque
630 523 812 598 Nerviorum,
834 525 883 600 qui
903 523 1033 600 aliquem
1051 520 1110 582 serl

7 619 8 670 ἶ
112 623 211 700 monis
228 623 338 685 aditum
356 639 533 698 causamque
552 622 695 682 amicitiae
710 640 777 682 cum
792 621 933 680 Cicerone
953 620 1109 694 habebant,
1316 625 1317 652 l

95 711 242 798 ¹colloqui
269 738 334 780 sese
361 720 432 780 velle
461 721 567 779 dicunt.
609 719 699 781 Facta
725 729 868 796 potestate
895 720 1008 792 eadem,
1034 724 1139 796 quaet

113 820 268 881 Ambiorix
288 837 356 880 cum
377 819 491 878 Titurio
510 827 616 894 egerat,
636 828 884 878 commemorant:
906 836 1025 878 omnem
1045 837 1110 878 esse

113 919 146 975 in
167 917 254 976 armis
275 916 416 989 Galliam3
446 917 610 976 Germanos
627 916 774 976 Rhenum
793 918 948 990 transisse3
978 917 1111 976 Caesaris

113 1015 349 1092 reliquorumque
366 1015 487 1074 hiberna
500 1015 671 1091 oppugnari.
713 1015 835 1074 Addunt
853 1017 940 1074 etiam
957 1016 994 1074 de
1013 1015 1113 1073 Sabini

114 1125 228 1172 morte:
247 1113 447 1189 Ambiorigem
462 1122 609 1172 ostentant
622 1113 690 1174 fidei
703 1113 855 1173 faciundae
870 1119 966 1173 causa.
1007 1113 1111 1172 Errare

114 1230 169 1272 eos
191 1212 299 1283 dicunt,-
321 1213 345 1272 si
366 1212 521 1288 quicquam
542 1212 580 1270 ab
600 1212 646 1272 his
670 1212 806 1289 praesidii
830 1223 956 1290 sperent,
978 1214 1027 1289 qui
1053 1213 1112 1274 suis
1128 1230 1158 1265 ιο

114 1311 204 1370 rebus
226 1310 372 1382 diffidant;
398 1327 461 1368 sese
482 1320 580 1368 tamen
601 1309 658 1368 hoc
679 1328 743 1368 esse
763 1311 794 1368 in
814 1309 988 1370 Ciceronem
1008 1308 1113 1389 popul-

116 1428 226 1487 umque
254 1410 423 1468 Romanum
450 1409 557 1480 animo,
585 1417 617 1468 ut
643 1408 713 1468 nihil
741 1409 797 1468 nisi
826 1408 947 1470 hiberna
980 1419 1114 1471 recusent

118 1521 205 1587 atque
225 1509 302 1568 hanc
322 1509 530 1567 inveterascere
552 1508 795 1568 consuetudinem
814 1509 925 1568 nolint:
953 1509 1038 1568 licere
1059 1509 1113 1568 illis

118 1608 313 1668 incolumibus
336 1625 389 1682 per
414 1624 445 1666 se
469 1625 506 1665 ex
530 1605 658 1666 hibernis
682 1607 828 1666 discedere
852 1615 889 1678 et,
914 1625 1114 1684 quascumque

117 1708 148 1766 in
163 1717 259 1783 partes
273 1705 367 1776 velint,
383 1705 445 1764 sine
463 1713 542 1763 metu
558 1704 710 1781 proficisci.
753 1704 856 1764 Cicero
876 1705 913 1764 ad
932 1705 1005 1766 haec
1023 1720 1160 1776 unum15

117 1806 210 1866 modo
231 1805 397 1882 respondit:
425 1821 488 1862 non
509 1821 574 1864 esse
596 1804 838 1862 consuetudinem
862 1805 963 1880 populi
988 1804 1116 1862 Romani

119 1907 251 1982 accipere
265 1906 303 1962 ab
315 1903 399 1962 hoste
414 1913 526 1963 armato
538 1903 757 1962 condicionem:
777 1903 802 1962 si
816 1905 853 1962 ab
866 1905 953 1962 armis
968 1902 1116 1961 discedere

118 2005 215 2075 velint,
235 2021 266 2062 se
285 2002 415 2061 adiutore
434 2010 551 2060 utantur
570 2000 738 2078 legatosque
758 2002 796 2060 ad
812 2001 968 2061 Caesarem
984 2001 1116 2071 mittant3

119 2121 236 2180 sperare
250 2120 304 2178 pro
319 2103 380 2160 eius
394 2101 509 2170 iustitia,
521 2118 596 2175 quae
606 2100 748 2176 petierint,
759 2101 971 2176 impetraturos
999 2105 1051 2158 42.
1067 2098 1116 2155 Ab

120 2202 175 2261 hac
197 2220 249 2277 spe
269 2200 375 2277 repulsi
396 2199 495 2258 Nervii
516 2199 590 2258 vallo
611 2199 721 2275 pedum
741 2217 775 2256 1x
795 2207 824 2256 et
844 2198 925 2257 fossa
944 2198 1053 2274 pedum
1074 2211 1117 2254 xv
1131 2211 1162 2246 20

120 2300 241 2358 hiberna
270 2299 398 2374 cingunt.
440 2297 525 2356 Haec
553 2307 582 2356 et
609 2297 792 2373 superiorum
818 2314 964 2354 annorum
991 2312 1116 2355 consue·

122 2398 221 2457 tudine
241 2397 278 2454 ab
299 2397 385 2456 nobis
404 2405 601 2472 cognoverant
621 2405 659 2467 et,
678 2414 752 2472 quos
770 2396 806 2454 de
825 2395 952 2454 exercitu
972 2395 1117 2454 habebant

122 2497 260 2573 captivos,
278 2496 315 2557 ab
334 2495 368 2558 iis
388 2495 566 2554 docebantur
574 2513 582 2566 ;
594 2495 657 2564 *sed
673 2483 751 2552 nulla
768 2495 1006 2600 ferramentopum
1023 2492 1116 2570 copia,

123 2613 199 2671 quae
221 2602 297 2652 esset
318 2592 355 2650 ad
379 2592 456 2650 hunc
478 2593 704 2674 usumlidonea,
725 2565 974 2674 gladiiscdspi'tes
995 2593 1117 2696 ql'rcupq·
1169 2629 1229 2674 „q

122 2693 228 2763 cidere,
258 2693 393 2750 manibus
425 2663 726 2768 sigull'sqie‘⁴'‘'terram
759 2663 910 2750 fflddie
945 2653 1163 2762 ilie'bdiiliise}

124 2791 192 2863 Qua
220 2789 339 2866 quidem
363 2809 400 2848 ex
424 2807 456 2848 re
483 2789 635 2849 hominum
659 2789 814 2849 multitudo
838 2790 979 2864 cognosci
1008 2790 1118 2866 potuit:

123 2907 192 2947 nam
219 2889 316 2946 minus
341 2886 422 2946 horis
450 2887 539 2946 tribus
566 2887 677 2946 milium
704 2905 844 2962 passuum
873 2904 916 2946 xv
941 2887 972 2945 in
1000 2889 1118 2946 circuitu

124 2987 315 3046 munitionem
334 2984 515 3142 perqqcerpnt
538 2985 712 3060 reliquisque
732 2984 833 3044 diebus
847 2993 940 3044 turres
953 2985 990 3044 ad
1005 2984 1118 3045 altitud-

517 3031 523 3056 ‚

124 3087 202 3146 inem
216 3085 290 3156 velli,
305 3083 334 3142 fa
345 3052 393 3142 ἕεις
412 3074 485 3142 testd
507 3041 635 3159 deudq‘ie,
650 3101 723 3159 quas
737 3083 815 3142 idern
830 3084 934 3160 captivi
951 3084 1119 3152 docuerant,

124 3203 225 3261 parare
257 3201 291 3241 ac
320 3181 413 3241 iacere
445 3192 613 3258 coeperunt.
656 3187 707 3241 48.
730 3181 860 3258 Septimo
892 3181 1119 3258 oppugnationis
1133 3187 1165 3249 30‘

126 3283 170 3342 die
192 3283 321 3342 maximo
341 3289 443 3340 coorto
458 3289 544 3338 vento
564 3280 707 3338 ferventes
728 3279 802 3338 fusili
821 3297 857 3338 ex
877 3281 977 3355 argilla
997 3278 1121 3353 glandes
1172 3340 1176 3346 ,

125 3381 221 3440 fundis
252 3389 282 3438 et
309 3378 461 3441 fervefacta
492 3378 587 3436 iacula
617 3379 648 3436 in
676 3396 767 3450 casas,
795 3395 869 3454 quae
900 3395 981 3435 more
1006 3375 1120 3436 Gallico

126 3479 290 3551 stramentis
320 3485 403 3536 erant
430 3485 531 3548 tectae,
558 3475 652 3538 iacere
683 3484 849 3552 coeperunt.
891 3474 958 3532 Hae
992 3474 1122 3536 celeriter
