<?xml version="1.0" encoding="UTF-8"?>
<!DOCTYPE html PUBLIC "-//W3C//DTD XHTML 1.0 Transitional//EN"
    "http://www.w3.org/TR/xhtml1/DTD/xhtml1-transitional.dtd">
<html xmlns="http://www.w3.org/1999/xhtml" xml:lang="en" lang="en">
 <head>
  <title>
</title>
<meta http-equiv="Content-Type" content="text/html;charset=utf-8" />
  <meta name='ocr-system' content='tesseract 3.04.00' />
  <meta name='ocr-capabilities' content='ocr_page ocr_carea ocr_par ocr_line ocrx_word'/>
</head>
<body>
  <div class='ocr_page' id='page_1' title='image "./commentariescju00hirtgoog_0250.png"; bbox 0 0 2686 3910; ppageno 0'>
   <div class='ocr_carea' id='block_1_1' title="bbox 127 186 1126 256">
    <p class='ocr_par' dir='ltr' id='par_1_1' title="bbox 127 186 1126 256">
     <span class='ocr_line' id='line_1_1' title="bbox 127 186 1126 256; baseline -0.004 -16"><span class='ocrx_word' id='word_1_1' title='bbox 127 189 267 256; x_wconf 74' lang='lat'><strong>42-45.</strong></span> <span class='ocrx_word' id='word_1_2' title='bbox 343 187 390 234; x_wconf 79' lang='lat' dir='ltr'>ua</span> <span class='ocrx_word' id='word_1_3' title='bbox 411 186 522 236; x_wconf 78' lang='lat' dir='ltr'>Burro</span> <span class='ocrx_word' id='word_1_4' title='bbox 543 187 705 237; x_wconf 76' lang='lat' dir='ltr'>caturco</span> <span class='ocrx_word' id='word_1_5' title='bbox 719 189 830 238; x_wconf 77' lang='lat' dir='ltr'>comm.</span> <span class='ocrx_word' id='word_1_6' title='bbox 856 191 936 238; x_wconf 77' lang='lat' dir='ltr'>Vrrr.</span> <span class='ocrx_word' id='word_1_7' title='bbox 1066 190 1126 254; x_wconf 82' lang='lat'>203</span> 
     </span>
    </p>
   </div>
   <div class='ocr_carea' id='block_1_2' title="bbox 130 340 1175 2191">
    <p class='ocr_par' dir='ltr' id='par_1_2' title="bbox 130 340 1175 2191">
     <span class='ocr_line' id='line_1_2' title="bbox 130 340 1127 418; baseline -0.002 -18"><span class='ocrx_word' id='word_1_8' title='bbox 130 340 255 416; x_wconf 84' lang='lat' dir='ltr'>reliquis,</span> <span class='ocrx_word' id='word_1_9' title='bbox 275 349 373 400; x_wconf 83' lang='lat' dir='ltr'>essent</span> <span class='ocrx_word' id='word_1_10' title='bbox 392 341 534 415; x_wconf 79' lang='lat' dir='ltr'>suspensi,</span> <span class='ocrx_word' id='word_1_11' title='bbox 548 350 686 400; x_wconf 88' lang='lat' dir='ltr'>revocant</span> <span class='ocrx_word' id='word_1_12' title='bbox 705 342 743 399; x_wconf 90' lang='lat' dir='ltr'>ab</span> <span class='ocrx_word' id='word_1_13' title='bbox 764 341 971 418; x_wconf 82' lang='lat' dir='ltr'>impugnandis</span> <span class='ocrx_word' id='word_1_14' title='bbox 991 341 1127 417; x_wconf 88' lang='lat' dir='ltr'>operibus</span> 
     </span>
     <span class='ocr_line' id='line_1_3' title="bbox 130 438 1127 516; baseline -0.003 -17"><span class='ocrx_word' id='word_1_15' title='bbox 130 449 258 499; x_wconf 86' lang='lat' dir='ltr'>armatos</span> <span class='ocrx_word' id='word_1_16' title='bbox 292 441 322 496; x_wconf 88' lang='lat' dir='ltr'>in</span> <span class='ocrx_word' id='word_1_17' title='bbox 353 439 500 514; x_wconf 89' lang='lat' dir='ltr'>murisque</span> <span class='ocrx_word' id='word_1_18' title='bbox 534 438 703 513; x_wconf 87' lang='lat' dir='ltr'>disponunt</span> <span class='ocrx_word' id='word_1_19' title='bbox 747 438 792 499; x_wconf 90' lang='lat' dir='ltr'>Ita</span> <span class='ocrx_word' id='word_1_20' title='bbox 819 440 912 498; x_wconf 89' lang='lat' dir='ltr'>nostri</span> <span class='ocrx_word' id='word_1_21' title='bbox 940 441 997 498; x_wconf 86' lang='lat' dir='ltr'>line</span> <span class='ocrx_word' id='word_1_22' title='bbox 1026 439 1127 516; x_wconf 91' lang='lat' dir='ltr'>proelii</span> 
     </span>
     <span class='ocr_line' id='line_1_4' title="bbox 130 537 1126 615; baseline -0.001 -18"><span class='ocrx_word' id='word_1_23' title='bbox 130 539 209 598; x_wconf 86' lang='lat' dir='ltr'>sacto</span> <span class='ocrx_word' id='word_1_24' title='bbox 237 537 365 598; x_wconf 83' lang='lat' dir='ltr'>celeriter</span> <span class='ocrx_word' id='word_1_25' title='bbox 393 555 482 613; x_wconf 89' lang='lat' dir='ltr'>opera</span> <span class='ocrx_word' id='word_1_26' title='bbox 510 537 627 596; x_wconf 88' lang='lat' dir='ltr'>flamma</span> <span class='ocrx_word' id='word_1_27' title='bbox 652 538 865 614; x_wconf 89' lang='lat' dir='ltr'>comprehensa</span> <span class='ocrx_word' id='word_1_28' title='bbox 892 540 996 615; x_wconf 90' lang='lat' dir='ltr'>partim</span> <span class='ocrx_word' id='word_1_29' title='bbox 1024 539 1126 597; x_wconf 86' lang='lat' dir='ltr'>restin-</span> 
     </span>
     <span class='ocr_line' id='line_1_5' title="bbox 130 635 1128 716; baseline -0.001 -22"><span class='ocrx_word' id='word_1_30' title='bbox 130 646 231 712; x_wconf 85' lang='lat' dir='ltr'>guunt,</span> <span class='ocrx_word' id='word_1_31' title='bbox 256 635 361 711; x_wconf 84' lang='lat' dir='ltr'>partim</span> <span class='ocrx_word' id='word_1_32' title='bbox 389 635 607 716; x_wconf 85' lang='lat' dir='ltr'>interscindunt</span> <span class='ocrx_word' id='word_1_33' title='bbox 651 635 728 694; x_wconf 92' lang='lat' dir='ltr'>Cum</span> <span class='ocrx_word' id='word_1_34' title='bbox 755 638 936 712; x_wconf 80' lang='lat' dir='ltr'>pertinaciter</span> <span class='ocrx_word' id='word_1_35' title='bbox 964 637 1128 696; x_wconf 88' lang='lat' dir='ltr'>resisterent</span> 
     </span>
     <span class='ocr_line' id='line_1_6' title="bbox 130 735 1155 811; baseline -0.006 -18"><span class='ocrx_word' id='word_1_36' title='bbox 130 735 278 811; x_wconf 77' lang='lat' dir='ltr'>oppidani,</span> <span class='ocrx_word' id='word_1_37' title='bbox 304 753 412 810; x_wconf 87' lang='lat' dir='ltr'>magna</span> <span class='ocrx_word' id='word_1_38' title='bbox 436 737 524 793; x_wconf 88' lang='lat' dir='ltr'>etiam</span> <span class='ocrx_word' id='word_1_39' title='bbox 548 744 628 810; x_wconf 88' lang='lat' dir='ltr'>parte</span> <span class='ocrx_word' id='word_1_40' title='bbox 652 736 759 794; x_wconf 87' lang='lat' dir='ltr'>amissa</span> <span class='ocrx_word' id='word_1_41' title='bbox 784 737 830 794; x_wconf 92' lang='lat' dir='ltr'>siti</span> <span class='ocrx_word' id='word_1_42' title='bbox 859 754 977 796; x_wconf 91' lang='lat' dir='ltr'>suorum</span> <span class='ocrx_word' id='word_1_43' title='bbox 1003 737 1034 793; x_wconf 90' lang='lat' dir='ltr'>in</span> <span class='ocrx_word' id='word_1_44' title='bbox 1062 740 1155 794; x_wconf 85' lang='lat' dir='ltr'>sen-5</span> 
     </span>
     <span class='ocr_line' id='line_1_7' title="bbox 131 833 1128 909; baseline 0.001 -18"><span class='ocrx_word' id='word_1_45' title='bbox 131 834 221 894; x_wconf 87' lang='lat' dir='ltr'>tentia</span> <span class='ocrx_word' id='word_1_46' title='bbox 247 843 459 908; x_wconf 80' lang='lat' dir='ltr'>permanerent,</span> <span class='ocrx_word' id='word_1_47' title='bbox 483 833 521 892; x_wconf 90' lang='lat' dir='ltr'>ad</span> <span class='ocrx_word' id='word_1_48' title='bbox 547 842 730 909; x_wconf 89' lang='lat' dir='ltr'>postremum</span> <span class='ocrx_word' id='word_1_49' title='bbox 757 833 896 892; x_wconf 85' lang='lat' dir='ltr'>cuniculis</span> <span class='ocrx_word' id='word_1_50' title='bbox 923 853 1014 892; x_wconf 83' lang='lat' dir='ltr'>venae</span> <span class='ocrx_word' id='word_1_51' title='bbox 1039 833 1128 892; x_wconf 90' lang='lat' dir='ltr'>fontis</span> 
     </span>
     <span class='ocr_line' id='line_1_8' title="bbox 132 929 1127 1008; baseline -0.001 -18"><span class='ocrx_word' id='word_1_52' title='bbox 132 931 283 990; x_wconf 80' lang='lat' dir='ltr'>intercisae</span> <span class='ocrx_word' id='word_1_53' title='bbox 305 940 371 988; x_wconf 92' lang='lat' dir='ltr'>sunt</span> <span class='ocrx_word' id='word_1_54' title='bbox 392 940 478 1006; x_wconf 90' lang='lat' dir='ltr'>atque</span> <span class='ocrx_word' id='word_1_55' title='bbox 500 948 624 990; x_wconf 87' lang='lat' dir='ltr'>aversae.</span> <span class='ocrx_word' id='word_1_56' title='bbox 667 929 737 1002; x_wconf 90' lang='lat' dir='ltr'>Quo</span> <span class='ocrx_word' id='word_1_57' title='bbox 756 930 833 992; x_wconf 89' lang='lat' dir='ltr'>facto</span> <span class='ocrx_word' id='word_1_58' title='bbox 853 944 974 1008; x_wconf 87' lang='lat' dir='ltr'>repente</span> <span class='ocrx_word' id='word_1_59' title='bbox 991 932 1127 1008; x_wconf 88' lang='lat' dir='ltr'>perennis</span> 
     </span>
     <span class='ocr_line' id='line_1_9' title="bbox 132 1028 1129 1107; baseline -0.002 -17"><span class='ocrx_word' id='word_1_60' title='bbox 132 1031 243 1090; x_wconf 84' lang='lat' dir='ltr'>exaruit</span> <span class='ocrx_word' id='word_1_61' title='bbox 271 1029 337 1086; x_wconf 83' lang='lat' dir='ltr'>fons</span> <span class='ocrx_word' id='word_1_62' title='bbox 365 1038 534 1104; x_wconf 85' lang='lat' dir='ltr'>tantamque</span> <span class='ocrx_word' id='word_1_63' title='bbox 562 1028 652 1086; x_wconf 89' lang='lat' dir='ltr'>attulit</span> <span class='ocrx_word' id='word_1_64' title='bbox 680 1029 835 1104; x_wconf 89' lang='lat' dir='ltr'>oppidanis</span> <span class='ocrx_word' id='word_1_65' title='bbox 863 1031 960 1090; x_wconf 90' lang='lat' dir='ltr'>salutis</span> <span class='ocrx_word' id='word_1_66' title='bbox 992 1032 1129 1107; x_wconf 90' lang='lat' dir='ltr'>despera·</span> 
     </span>
     <span class='ocr_line' id='line_1_10' title="bbox 133 1127 1128 1200; baseline 0 -12"><span class='ocrx_word' id='word_1_67' title='bbox 133 1131 252 1200; x_wconf 86' lang='lat' dir='ltr'>tionem,</span> <span class='ocrx_word' id='word_1_68' title='bbox 267 1138 299 1186; x_wconf 95' lang='lat' dir='ltr'>ut</span> <span class='ocrx_word' id='word_1_69' title='bbox 318 1128 348 1186; x_wconf 94' lang='lat' dir='ltr'>id</span> <span class='ocrx_word' id='word_1_70' title='bbox 367 1145 427 1185; x_wconf 90' lang='lat' dir='ltr'>non</span> <span class='ocrx_word' id='word_1_71' title='bbox 446 1127 599 1185; x_wconf 91' lang='lat' dir='ltr'>hominum</span> <span class='ocrx_word' id='word_1_72' title='bbox 619 1128 750 1198; x_wconf 89' lang='lat' dir='ltr'>consilio,</span> <span class='ocrx_word' id='word_1_73' title='bbox 770 1128 823 1186; x_wconf 93' lang='lat' dir='ltr'>sed</span> <span class='ocrx_word' id='word_1_74' title='bbox 842 1129 963 1188; x_wconf 89' lang='lat' dir='ltr'>deorum</span> <span class='ocrx_word' id='word_1_75' title='bbox 982 1131 1128 1189; x_wconf 90' lang='lat' dir='ltr'>voluntate</span> 
     </span>
     <span class='ocr_line' id='line_1_11' title="bbox 132 1225 1174 1302; baseline 0.002 -17"><span class='ocrx_word' id='word_1_76' title='bbox 132 1228 242 1286; x_wconf 83' lang='lat' dir='ltr'>factum</span> <span class='ocrx_word' id='word_1_77' title='bbox 255 1236 397 1302; x_wconf 87' lang='lat' dir='ltr'>putarent.</span> <span class='ocrx_word' id='word_1_78' title='bbox 439 1225 541 1300; x_wconf 88' lang='lat' dir='ltr'>Itaque</span> <span class='ocrx_word' id='word_1_79' title='bbox 556 1243 587 1284; x_wconf 92' lang='lat' dir='ltr'>se</span> <span class='ocrx_word' id='word_1_80' title='bbox 601 1226 772 1284; x_wconf 84' lang='lat' dir='ltr'>necessitate</span> <span class='ocrx_word' id='word_1_81' title='bbox 787 1227 881 1287; x_wconf 90' lang='lat' dir='ltr'>coacti</span> <span class='ocrx_word' id='word_1_82' title='bbox 895 1229 1080 1288; x_wconf 88' lang='lat' dir='ltr'>tradiderunt.</span> <span class='ocrx_word' id='word_1_83' title='bbox 1144 1235 1174 1271; x_wconf 83' lang='lat'>¹0</span> 
     </span>
     <span class='ocr_line' id='line_1_12' title="bbox 174 1323 1128 1402; baseline 0.002 -16"><span class='ocrx_word' id='word_1_84' title='bbox 174 1331 228 1386; x_wconf 85' lang='lat'>44.</span> <span class='ocrx_word' id='word_1_85' title='bbox 250 1323 367 1396; x_wconf 89' lang='lat' dir='ltr'>Caesar,</span> <span class='ocrx_word' id='word_1_86' title='bbox 402 1339 473 1382; x_wconf 85' lang='lat' dir='ltr'>cum·</span> <span class='ocrx_word' id='word_1_87' title='bbox 507 1341 591 1382; x_wconf 88' lang='lat' dir='ltr'>suam</span> <span class='ocrx_word' id='word_1_88' title='bbox 623 1324 771 1382; x_wconf 87' lang='lat' dir='ltr'>lenitatem</span> <span class='ocrx_word' id='word_1_89' title='bbox 806 1327 955 1402; x_wconf 81' lang='lat' dir='ltr'>cognitam</span> <span class='ocrx_word' id='word_1_90' title='bbox 991 1330 1128 1388; x_wconf 86' lang='lat' dir='ltr'>omnibus</span> 
     </span>
     <span class='ocr_line' id='line_1_13' title="bbox 134 1423 1129 1500; baseline 0.002 -16"><span class='ocrx_word' id='word_1_91' title='bbox 134 1427 219 1486; x_wconf 89' lang='lat' dir='ltr'>sciret</span> <span class='ocrx_word' id='word_1_92' title='bbox 238 1442 334 1500; x_wconf 88' lang='lat' dir='ltr'>neque</span> <span class='ocrx_word' id='word_1_93' title='bbox 353 1431 505 1493; x_wconf 86' lang='lat' dir='ltr'>vereretur,</span> <span class='ocrx_word' id='word_1_94' title='bbox 520 1441 558 1480; x_wconf 89' lang='lat' dir='ltr'>ne</span> <span class='ocrx_word' id='word_1_95' title='bbox 577 1423 648 1497; x_wconf 91' lang='lat' dir='ltr'>quid</span> <span class='ocrx_word' id='word_1_96' title='bbox 662 1423 828 1482; x_wconf 87' lang='lat' dir='ltr'>crudelitate</span> <span class='ocrx_word' id='word_1_97' title='bbox 847 1435 967 1484; x_wconf 89' lang='lat' dir='ltr'>naturae</span> <span class='ocrx_word' id='word_1_98' title='bbox 987 1427 1129 1486; x_wconf 88' lang='lat' dir='ltr'>videretur</span> 
     </span>
     <span class='ocr_line' id='line_1_14' title="bbox 133 1521 1129 1599; baseline 0.003 -17"><span class='ocrx_word' id='word_1_99' title='bbox 133 1523 265 1599; x_wconf 87' lang='lat' dir='ltr'>asperius</span> <span class='ocrx_word' id='word_1_100' title='bbox 285 1521 505 1596; x_wconf 67' lang='lat' dir='ltr'>fecissemque</span> <span class='ocrx_word' id='word_1_101' title='bbox 525 1521 634 1578; x_wconf 85' lang='lat' dir='ltr'>exitum</span> <span class='ocrx_word' id='word_1_102' title='bbox 653 1521 840 1580; x_wconf 90' lang='lat' dir='ltr'>consiliorum</span> <span class='ocrx_word' id='word_1_103' title='bbox 859 1541 978 1584; x_wconf 90' lang='lat' dir='ltr'>suorum</span> <span class='ocrx_word' id='word_1_104' title='bbox 998 1526 1129 1585; x_wconf 84' lang='lat' dir='ltr'>animad-</span> 
     </span>
     <span class='ocr_line' id='line_1_15' title="bbox 132 1618 1130 1698; baseline 0.005 -20"><span class='ocrx_word' id='word_1_105' title='bbox 132 1631 262 1691; x_wconf 86' lang='lat' dir='ltr'>verteret,</span> <span class='ocrx_word' id='word_1_106' title='bbox 291 1619 314 1677; x_wconf 93' lang='lat' dir='ltr'>si</span> <span class='ocrx_word' id='word_1_107' title='bbox 345 1618 394 1676; x_wconf 88' lang='lat' dir='ltr'>tali</span> <span class='ocrx_word' id='word_1_108' title='bbox 426 1619 537 1676; x_wconf 88' lang='lat' dir='ltr'>ratione</span> <span class='ocrx_word' id='word_1_109' title='bbox 569 1618 688 1678; x_wconf 89' lang='lat' dir='ltr'>diversis</span> <span class='ocrx_word' id='word_1_110' title='bbox 718 1620 748 1677; x_wconf 91' lang='lat' dir='ltr'>in</span> <span class='ocrx_word' id='word_1_111' title='bbox 778 1621 850 1679; x_wconf 90' lang='lat' dir='ltr'>locis</span> <span class='ocrx_word' id='word_1_112' title='bbox 881 1623 978 1698; x_wconf 91' lang='lat' dir='ltr'>plures</span> <span class='ocrx_word' id='word_1_113' title='bbox 1009 1625 1130 1684; x_wconf 87' lang='lat' dir='ltr'>consilia</span> 
     </span>
     <span class='ocr_line' id='line_1_16' title="bbox 133 1716 1175 1796; baseline 0.008 -18"><span class='ocrx_word' id='word_1_114' title='bbox 133 1722 256 1780; x_wconf 85' lang='lat' dir='ltr'>inissent</span> <span class='ocrx_word' id='word_1_115' title='bbox 270 1717 404 1792; x_wconf 85' lang='lat' dir='ltr'>exemplo</span> <span class='ocrx_word' id='word_1_116' title='bbox 430 1716 562 1792; x_wconf 90' lang='lat' dir='ltr'>supplicii</span> <span class='ocrx_word' id='word_1_117' title='bbox 588 1716 775 1777; x_wconf 86' lang='lat' dir='ltr'>deterrendos</span> <span class='ocrx_word' id='word_1_118' title='bbox 799 1719 926 1796; x_wconf 90' lang='lat' dir='ltr'>reliquos</span> <span class='ocrx_word' id='word_1_119' title='bbox 951 1723 1129 1782; x_wconf 86' lang='lat' dir='ltr'>existimavit.</span> <span class='ocrx_word' id='word_1_120' title='bbox 1147 1737 1175 1786; x_wconf 84' lang='lat'>15</span> 
     </span>
     <span class='ocr_line' id='line_1_17' title="bbox 134 1815 1129 1895; baseline 0 -17"><span class='ocrx_word' id='word_1_121' title='bbox 134 1816 403 1895; x_wconf 87' lang='lat' dir='ltr'>Itaqueomnibus,</span> <span class='ocrx_word' id='word_1_122' title='bbox 421 1815 471 1890; x_wconf 92' lang='lat' dir='ltr'>qui</span> <span class='ocrx_word' id='word_1_123' title='bbox 492 1832 572 1873; x_wconf 85' lang='lat' dir='ltr'>arma</span> <span class='ocrx_word' id='word_1_124' title='bbox 593 1815 724 1886; x_wconf 90' lang='lat' dir='ltr'>tulerant,</span> <span class='ocrx_word' id='word_1_125' title='bbox 743 1834 848 1876; x_wconf 87' lang='lat' dir='ltr'>manus</span> <span class='ocrx_word' id='word_1_126' title='bbox 870 1821 1016 1894; x_wconf 85' lang='lat' dir='ltr'>praecidit</span> <span class='ocrx_word' id='word_1_127' title='bbox 1029 1821 1129 1879; x_wconf 88' lang='lat' dir='ltr'>vitam·</span> 
     </span>
     <span class='ocr_line' id='line_1_18' title="bbox 133 1913 1130 1995; baseline 0.002 -19"><span class='ocrx_word' id='word_1_128' title='bbox 133 1936 191 1995; x_wconf 90' lang='lat' dir='ltr'>que</span> <span class='ocrx_word' id='word_1_129' title='bbox 227 1913 379 1984; x_wconf 88' lang='lat' dir='ltr'>concessit,</span> <span class='ocrx_word' id='word_1_130' title='bbox 415 1930 475 1988; x_wconf 91' lang='lat' dir='ltr'>quo</span> <span class='ocrx_word' id='word_1_131' title='bbox 510 1913 638 1971; x_wconf 90' lang='lat' dir='ltr'>testatior</span> <span class='ocrx_word' id='word_1_132' title='bbox 672 1924 749 1972; x_wconf 88' lang='lat' dir='ltr'>esset</span> <span class='ocrx_word' id='word_1_133' title='bbox 786 1933 884 1991; x_wconf 90' lang='lat' dir='ltr'>poena</span> <span class='ocrx_word' id='word_1_134' title='bbox 921 1919 1130 1995; x_wconf 86' lang='lat' dir='ltr'>improborum.</span> 
     </span>
     <span class='ocr_line' id='line_1_19' title="bbox 134 2011 1131 2093; baseline -0.002 -17"><span class='ocrx_word' id='word_1_135' title='bbox 134 2017 278 2093; x_wconf 72' lang='lat' dir='ltr'>Drappes</span> <span class='ocrx_word' id='word_1_136' title='bbox 297 2031 384 2088; x_wconf 91' lang='lat' dir='ltr'>quern</span> <span class='ocrx_word' id='word_1_137' title='bbox 404 2022 522 2087; x_wconf 89' lang='lat' dir='ltr'>captum</span> <span class='ocrx_word' id='word_1_138' title='bbox 541 2029 605 2069; x_wconf 91' lang='lat' dir='ltr'>esse</span> <span class='ocrx_word' id='word_1_139' title='bbox 627 2029 645 2068; x_wconf 87' lang='lat' dir='ltr'>a</span> <span class='ocrx_word' id='word_1_140' title='bbox 664 2011 788 2072; x_wconf 87' lang='lat' dir='ltr'>Caninio</span> <span class='ocrx_word' id='word_1_141' title='bbox 808 2015 903 2087; x_wconf 88' lang='lat' dir='ltr'>docui,</span> <span class='ocrx_word' id='word_1_142' title='bbox 923 2018 982 2076; x_wconf 91' lang='lat' dir='ltr'>sive</span> <span class='ocrx_word' id='word_1_143' title='bbox 1004 2017 1131 2092; x_wconf 84' lang='lat' dir='ltr'>indigni-</span> 
     </span>
     <span class='ocr_line' id='line_1_20' title="bbox 134 2109 1131 2191; baseline 0 -19"><span class='ocrx_word' id='word_1_144' title='bbox 134 2125 192 2174; x_wconf 84' lang='lat' dir='ltr'>tate</span> <span class='ocrx_word' id='word_1_145' title='bbox 221 2123 249 2171; x_wconf 89' lang='lat' dir='ltr'>et</span> <span class='ocrx_word' id='word_1_146' title='bbox 276 2112 378 2170; x_wconf 91' lang='lat' dir='ltr'>dolore</span> <span class='ocrx_word' id='word_1_147' title='bbox 406 2109 587 2168; x_wconf 88' lang='lat' dir='ltr'>vinculorum</span> <span class='ocrx_word' id='word_1_148' title='bbox 616 2109 674 2171; x_wconf 90' lang='lat' dir='ltr'>sive</span> <span class='ocrx_word' id='word_1_149' title='bbox 699 2111 801 2170; x_wconf 92' lang='lat' dir='ltr'>timore</span> <span class='ocrx_word' id='word_1_150' title='bbox 830 2115 968 2188; x_wconf 88' lang='lat' dir='ltr'>gravioris</span> <span class='ocrx_word' id='word_1_151' title='bbox 997 2115 1131 2191; x_wconf 91' lang='lat' dir='ltr'>supplicii</span> 
     </span>
    </p>
   </div>
   <div class='ocr_carea' id='block_1_3' title="bbox 134 2208 1283 2292">
    <p class='ocr_par' dir='ltr' id='par_1_3' title="bbox 134 2208 1283 2292">
     <span class='ocr_line' id='line_1_21' title="bbox 134 2208 1283 2292; baseline 0 -19"><span class='ocrx_word' id='word_1_152' title='bbox 134 2214 235 2292; x_wconf 87' lang='lat' dir='ltr'>paucis</span> <span class='ocrx_word' id='word_1_153' title='bbox 261 2211 363 2269; x_wconf 89' lang='lat' dir='ltr'>diebus</span> <span class='ocrx_word' id='word_1_154' title='bbox 384 2209 450 2267; x_wconf 92' lang='lat' dir='ltr'>cibo</span> <span class='ocrx_word' id='word_1_155' title='bbox 476 2227 506 2266; x_wconf 91' lang='lat' dir='ltr'>se</span> <span class='ocrx_word' id='word_1_156' title='bbox 528 2208 666 2266; x_wconf 88' lang='lat' dir='ltr'>abstinuit</span> <span class='ocrx_word' id='word_1_157' title='bbox 686 2219 773 2284; x_wconf 86' lang='lat' dir='ltr'>atque</span> <span class='ocrx_word' id='word_1_158' title='bbox 797 2211 837 2268; x_wconf 89' lang='lat' dir='ltr'>ita</span> <span class='ocrx_word' id='word_1_159' title='bbox 861 2212 973 2272; x_wconf 89' lang='lat' dir='ltr'>interiit.</span> <span class='ocrx_word' id='word_1_160' title='bbox 1015 2215 1131 2274; x_wconf 89' lang='lat' dir='ltr'>Eodem</span> <span class='ocrx_word' id='word_1_161' title='bbox 1147 2237 1177 2272; x_wconf 83' lang='lat' dir='ltr'>ao</span> <span class='ocrx_word' id='word_1_162' title='bbox 1277 2233 1283 2244; x_wconf 92' lang='lat'><strong>·</strong></span> 
     </span>
    </p>
   </div>
   <div class='ocr_carea' id='block_1_4' title="bbox 133 2306 1207 3574">
    <p class='ocr_par' dir='ltr' id='par_1_4' title="bbox 133 2306 1207 3574">
     <span class='ocr_line' id='line_1_22' title="bbox 135 2306 1130 2390; baseline 0.001 -17"><span class='ocrx_word' id='word_1_163' title='bbox 135 2326 267 2390; x_wconf 89' lang='lat' dir='ltr'>tempore</span> <span class='ocrx_word' id='word_1_164' title='bbox 298 2309 457 2378; x_wconf 72' lang='lat' dir='ltr'>Lucterius</span> <span class='ocrx_word' id='word_1_165' title='bbox 489 2324 578 2382; x_wconf 90' lang='lat' dir='ltr'>quem</span> <span class='ocrx_word' id='word_1_166' title='bbox 612 2306 776 2384; x_wconf 83' lang='lat' dir='ltr'>profugisse</span> <span class='ocrx_word' id='word_1_167' title='bbox 807 2328 843 2368; x_wconf 86' lang='lat' dir='ltr'>ex</span> <span class='ocrx_word' id='word_1_168' title='bbox 878 2313 990 2387; x_wconf 91' lang='lat' dir='ltr'>proelio</span> <span class='ocrx_word' id='word_1_169' title='bbox 1021 2316 1130 2390; x_wconf 89' lang='lat' dir='ltr'>scripsi,</span> 
     </span>
     <span class='ocr_line' id='line_1_23' title="bbox 134 2406 1130 2492; baseline 0.001 -20"><span class='ocrx_word' id='word_1_170' title='bbox 134 2431 201 2476; x_wconf 90' lang='lat' dir='ltr'>curn</span> <span class='ocrx_word' id='word_1_171' title='bbox 236 2411 267 2469; x_wconf 92' lang='lat' dir='ltr'>in</span> <span class='ocrx_word' id='word_1_172' title='bbox 301 2416 475 2485; x_wconf 89' lang='lat' dir='ltr'>potestatem</span> <span class='ocrx_word' id='word_1_173' title='bbox 509 2406 636 2464; x_wconf 87' lang='lat' dir='ltr'>venisset</span> <span class='ocrx_word' id='word_1_174' title='bbox 669 2407 827 2482; x_wconf 85' lang='lat' dir='ltr'>Epasnacti</span> <span class='ocrx_word' id='word_1_175' title='bbox 858 2411 980 2470; x_wconf 89' lang='lat' dir='ltr'>Arverni</span> <span class='ocrx_word' id='word_1_176' title='bbox 1016 2412 1130 2492; x_wconf 87' lang='lat' dir='ltr'>(crebro</span> 
     </span>
     <span class='ocr_line' id='line_1_24' title="bbox 135 2491 1131 2600; baseline 0.003 -30"><span class='ocrx_word' id='word_1_177' title='bbox 135 2512 214 2570; x_wconf 90' lang='lat' dir='ltr'>enirn</span> <span class='ocrx_word' id='word_1_178' title='bbox 235 2506 382 2566; x_wconf 89' lang='lat' dir='ltr'>mutandis</span> <span class='ocrx_word' id='word_1_179' title='bbox 406 2506 479 2600; x_wconf 77' lang='lat' dir='ltr'>lqcis</span> <span class='ocrx_word' id='word_1_180' title='bbox 499 2505 657 2563; x_wconf 91' lang='lat' dir='ltr'>multorum</span> <span class='ocrx_word' id='word_1_181' title='bbox 678 2491 751 2564; x_wconf 80' lang='lat' dir='ltr'>fidei</span> <span class='ocrx_word' id='word_1_182' title='bbox 771 2525 801 2566; x_wconf 91' lang='lat' dir='ltr'>se</span> <span class='ocrx_word' id='word_1_183' title='bbox 823 2511 1029 2584; x_wconf 83' lang='lat' dir='ltr'>committebat,</span> <span class='ocrx_word' id='word_1_184' title='bbox 1051 2513 1131 2589; x_wconf 92' lang='lat' dir='ltr'>quod</span> 
     </span>
     <span class='ocr_line' id='line_1_25' title="bbox 133 2605 1130 2685; baseline 0.003 -17"><span class='ocrx_word' id='word_1_185' title='bbox 133 2627 278 2685; x_wconf 88' lang='lat' dir='ltr'>nusquam</span> <span class='ocrx_word' id='word_1_186' title='bbox 313 2607 419 2666; x_wconf 91' lang='lat' dir='ltr'>diutius</span> <span class='ocrx_word' id='word_1_187' title='bbox 454 2606 516 2663; x_wconf 89' lang='lat' dir='ltr'>sine</span> <span class='ocrx_word' id='word_1_188' title='bbox 550 2605 678 2680; x_wconf 90' lang='lat' dir='ltr'>periculo</span> <span class='ocrx_word' id='word_1_189' title='bbox 709 2617 940 2668; x_wconf 87' lang='lat' dir='ltr'>commoraturus</span> <span class='ocrx_word' id='word_1_190' title='bbox 972 2611 1130 2683; x_wconf 88' lang='lat' dir='ltr'>videbatur,</span> 
     </span>
     <span class='ocr_line' id='line_1_26' title="bbox 133 2703 1176 2780; baseline -0.002 -12"><span class='ocrx_word' id='word_1_191' title='bbox 133 2727 203 2771; x_wconf 92' lang='lat' dir='ltr'>cum</span> <span class='ocrx_word' id='word_1_192' title='bbox 225 2707 279 2764; x_wconf 90' lang='lat' dir='ltr'>sibi</span> <span class='ocrx_word' id='word_1_193' title='bbox 300 2705 434 2765; x_wconf 81' lang='lat' dir='ltr'>conscius</span> <span class='ocrx_word' id='word_1_194' title='bbox 454 2713 538 2774; x_wconf 87' lang='lat' dir='ltr'>esset,</span> <span class='ocrx_word' id='word_1_195' title='bbox 558 2721 647 2778; x_wconf 90' lang='lat' dir='ltr'>quam</span> <span class='ocrx_word' id='word_1_196' title='bbox 667 2703 816 2762; x_wconf 90' lang='lat' dir='ltr'>inimicum</span> <span class='ocrx_word' id='word_1_197' title='bbox 837 2707 954 2767; x_wconf 86' lang='lat' dir='ltr'>deberet</span> <span class='ocrx_word' id='word_1_198' title='bbox 976 2709 1132 2768; x_wconf 79' lang='lat' dir='ltr'>Caesarem</span> <span class='ocrx_word' id='word_1_199' title='bbox 1148 2732 1176 2780; x_wconf 82' lang='lat'>²5</span> 
     </span>
     <span class='ocr_line' id='line_1_27' title="bbox 134 2785 1131 2883; baseline 0.004 -19"><span class='ocrx_word' id='word_1_200' title='bbox 134 2785 265 2882; x_wconf 86' lang='lat' dir='ltr'>babere),</span> <span class='ocrx_word' id='word_1_201' title='bbox 294 2803 372 2862; x_wconf 91' lang='lat' dir='ltr'>hunc</span> <span class='ocrx_word' id='word_1_202' title='bbox 403 2801 586 2877; x_wconf 88' lang='lat' dir='ltr'>Epasnactus</span> <span class='ocrx_word' id='word_1_203' title='bbox 613 2801 768 2872; x_wconf 89' lang='lat' dir='ltr'>Arvernus,</span> <span class='ocrx_word' id='word_1_204' title='bbox 797 2805 988 2865; x_wconf 89' lang='lat' dir='ltr'>amicissimus</span> <span class='ocrx_word' id='word_1_205' title='bbox 1019 2809 1131 2883; x_wconf 92' lang='lat' dir='ltr'>populo</span> 
     </span>
     <span class='ocr_line' id='line_1_28' title="bbox 135 2898 1207 2974; baseline 0.002 -11"><span class='ocrx_word' id='word_1_206' title='bbox 135 2906 284 2974; x_wconf 88' lang='lat' dir='ltr'>Romano,</span> <span class='ocrx_word' id='word_1_207' title='bbox 299 2902 360 2960; x_wconf 90' lang='lat' dir='ltr'>sine</span> <span class='ocrx_word' id='word_1_208' title='bbox 375 2900 553 2959; x_wconf 89' lang='lat' dir='ltr'>dubitatione</span> <span class='ocrx_word' id='word_1_209' title='bbox 568 2898 625 2958; x_wconf 91' lang='lat' dir='ltr'>ulla</span> <span class='ocrx_word' id='word_1_210' title='bbox 639 2901 767 2959; x_wconf 90' lang='lat' dir='ltr'>vinetum</span> <span class='ocrx_word' id='word_1_211' title='bbox 781 2901 819 2958; x_wconf 89' lang='lat' dir='ltr'>ad</span> <span class='ocrx_word' id='word_1_212' title='bbox 833 2901 990 2962; x_wconf 86' lang='lat' dir='ltr'>Caesarem</span> <span class='ocrx_word' id='word_1_213' title='bbox 1004 2905 1131 2966; x_wconf 80' lang='lat' dir='ltr'>deduxit.</span> <span class='ocrx_word' id='word_1_214' title='bbox 1203 2901 1207 2908; x_wconf 88' lang='grc'><strong>’</strong></span> 
     </span>
     <span class='ocr_line' id='line_1_29' title="bbox 175 2997 1132 3079; baseline -0.002 -15"><span class='ocrx_word' id='word_1_215' title='bbox 175 3009 229 3064; x_wconf 86' lang='grc'>45.</span> <span class='ocrx_word' id='word_1_216' title='bbox 251 3000 398 3060; x_wconf 88' lang='lat' dir='ltr'>Labienus</span> <span class='ocrx_word' id='word_1_217' title='bbox 418 3000 532 3058; x_wconf 88' lang='lat' dir='ltr'>interim</span> <span class='ocrx_word' id='word_1_218' title='bbox 550 2999 580 3056; x_wconf 93' lang='lat' dir='ltr'>in</span> <span class='ocrx_word' id='word_1_219' title='bbox 600 2997 734 3056; x_wconf 90' lang='lat' dir='ltr'>Treveris</span> <span class='ocrx_word' id='word_1_220' title='bbox 753 3011 885 3076; x_wconf 91' lang='lat' dir='ltr'>equestre</span> <span class='ocrx_word' id='word_1_221' title='bbox 904 3004 1047 3079; x_wconf 89' lang='lat' dir='ltr'>proelium</span> <span class='ocrx_word' id='word_1_222' title='bbox 1064 3004 1132 3062; x_wconf 87' lang='lat' dir='ltr'>facit</span> 
     </span>
     <span class='ocr_line' id='line_1_30' title="bbox 135 3097 1132 3174; baseline -0.001 -11"><span class='ocrx_word' id='word_1_223' title='bbox 135 3101 299 3168; x_wconf 87' lang='lat' dir='ltr'>secundum</span> <span class='ocrx_word' id='word_1_224' title='bbox 317 3099 573 3174; x_wconf 85' lang='lat' dir='ltr'>compluribusque</span> <span class='ocrx_word' id='word_1_225' title='bbox 593 3097 727 3156; x_wconf 90' lang='lat' dir='ltr'>Treveris</span> <span class='ocrx_word' id='word_1_226' title='bbox 745 3099 900 3160; x_wconf 88' lang='lat' dir='ltr'>interfectis</span> <span class='ocrx_word' id='word_1_227' title='bbox 920 3113 948 3160; x_wconf 90' lang='lat' dir='ltr'>et</span> <span class='ocrx_word' id='word_1_228' title='bbox 968 3103 1132 3168; x_wconf 87' lang='lat' dir='ltr'>Germanis,</span> 
     </span>
     <span class='ocr_line' id='line_1_31' title="bbox 136 3195 1179 3280; baseline -0.009 -17"><span class='ocrx_word' id='word_1_229' title='bbox 136 3205 185 3280; x_wconf 92' lang='lat' dir='ltr'>qui</span> <span class='ocrx_word' id='word_1_230' title='bbox 206 3201 291 3260; x_wconf 80' lang='lat' dir='ltr'>nubis</span> <span class='ocrx_word' id='word_1_231' title='bbox 311 3200 452 3258; x_wconf 86' lang='lat' dir='ltr'>adversus</span> <span class='ocrx_word' id='word_1_232' title='bbox 475 3196 629 3256; x_wconf 83' lang='lat' dir='ltr'>Romanos</span> <span class='ocrx_word' id='word_1_233' title='bbox 651 3195 755 3256; x_wconf 85' lang='lat' dir='ltr'>auxilia</span> <span class='ocrx_word' id='word_1_234' title='bbox 776 3197 968 3275; x_wconf 86' lang='lat' dir='ltr'>denegabant,</span> <span class='ocrx_word' id='word_1_235' title='bbox 984 3201 1132 3276; x_wconf 89' lang='lat' dir='ltr'>principes</span> <span class='ocrx_word' id='word_1_236' title='bbox 1148 3219 1179 3268; x_wconf 83' lang='lat'>30</span> 
     </span>
     <span class='ocr_line' id='line_1_32' title="bbox 135 3295 1132 3373; baseline -0.005 -11"><span class='ocrx_word' id='word_1_237' title='bbox 135 3321 238 3362; x_wconf 88' lang='lat' dir='ltr'>eorum</span> <span class='ocrx_word' id='word_1_238' title='bbox 270 3301 349 3358; x_wconf 91' lang='lat' dir='ltr'>vivos</span> <span class='ocrx_word' id='word_1_239' title='bbox 381 3295 483 3372; x_wconf 85' lang='lat' dir='ltr'>redigit</span> <span class='ocrx_word' id='word_1_240' title='bbox 518 3296 549 3352; x_wconf 89' lang='lat' dir='ltr'>in</span> <span class='ocrx_word' id='word_1_241' title='bbox 582 3312 664 3352; x_wconf 88' lang='lat' dir='ltr'>suam</span> <span class='ocrx_word' id='word_1_242' title='bbox 695 3305 869 3369; x_wconf 87' lang='lat' dir='ltr'>potestatem</span> <span class='ocrx_word' id='word_1_243' title='bbox 901 3308 987 3373; x_wconf 89' lang='lat' dir='ltr'>atque</span> <span class='ocrx_word' id='word_1_244' title='bbox 1022 3298 1053 3355; x_wconf 91' lang='lat' dir='ltr'>in</span> <span class='ocrx_word' id='word_1_245' title='bbox 1088 3297 1132 3358; x_wconf 93' lang='lat' dir='ltr'>his</span> 
     </span>
     <span class='ocr_line' id='line_1_33' title="bbox 136 3393 1134 3473; baseline -0.006 -11"><span class='ocrx_word' id='word_1_246' title='bbox 136 3404 242 3462; x_wconf 88' lang='lat' dir='ltr'>Surum</span> <span class='ocrx_word' id='word_1_247' title='bbox 264 3401 409 3468; x_wconf 88' lang='lat' dir='ltr'>Aeduum,</span> <span class='ocrx_word' id='word_1_248' title='bbox 430 3397 528 3473; x_wconf 35' lang='lat' dir='ltr'>quiret</span> <span class='ocrx_word' id='word_1_249' title='bbox 548 3393 657 3454; x_wconf 90' lang='lat' dir='ltr'>virtutis</span> <span class='ocrx_word' id='word_1_250' title='bbox 679 3405 707 3452; x_wconf 90' lang='lat' dir='ltr'>et</span> <span class='ocrx_word' id='word_1_251' title='bbox 728 3396 843 3469; x_wconf 84' lang='lat' dir='ltr'>generis</span> <span class='ocrx_word' id='word_1_252' title='bbox 864 3411 1009 3454; x_wconf 90' lang='lat' dir='ltr'>summam</span> <span class='ocrx_word' id='word_1_253' title='bbox 1030 3397 1134 3456; x_wconf 86' lang='lat' dir='ltr'>nobili-</span> 
     </span>
     <span class='ocr_line' id='line_1_34' title="bbox 135 3495 1135 3574; baseline -0.006 -12"><span class='ocrx_word' id='word_1_254' title='bbox 135 3514 223 3562; x_wconf 82' lang='lat' dir='ltr'>tatem</span> <span class='ocrx_word' id='word_1_255' title='bbox 245 3502 371 3560; x_wconf 88' lang='lat' dir='ltr'>habebat</span> <span class='ocrx_word' id='word_1_256' title='bbox 392 3499 529 3574; x_wconf 90' lang='lat' dir='ltr'>solusque</span> <span class='ocrx_word' id='word_1_257' title='bbox 551 3519 587 3558; x_wconf 86' lang='lat' dir='ltr'>ex</span> <span class='ocrx_word' id='word_1_258' title='bbox 608 3497 719 3554; x_wconf 89' lang='lat' dir='ltr'>Aeduis</span> <span class='ocrx_word' id='word_1_259' title='bbox 741 3495 779 3554; x_wconf 91' lang='lat' dir='ltr'>ad</span> <span class='ocrx_word' id='word_1_260' title='bbox 807 3497 836 3554; x_wconf 93' lang='lat' dir='ltr'>id</span> <span class='ocrx_word' id='word_1_261' title='bbox 857 3506 972 3572; x_wconf 90' lang='lat' dir='ltr'>tempus</span> <span class='ocrx_word' id='word_1_262' title='bbox 998 3513 1135 3572; x_wconf 89' lang='lat' dir='ltr'>perman·</span> 
     </span>
    </p>
   </div>
   <div class='ocr_carea' id='block_1_5' title="bbox 135 3603 380 3662">
    <p class='ocr_par' dir='ltr' id='par_1_5' title="bbox 135 3603 380 3662">
     <span class='ocr_line' id='line_1_35' title="bbox 135 3603 380 3662; baseline -0.004 0"><span class='ocrx_word' id='word_1_263' title='bbox 135 3612 211 3662; x_wconf 91' lang='lat' dir='ltr'>serat</span> <span class='ocrx_word' id='word_1_264' title='bbox 233 3603 263 3660; x_wconf 90' lang='lat' dir='ltr'>in</span> <span class='ocrx_word' id='word_1_265' title='bbox 287 3603 380 3661; x_wconf 87' lang='lat' dir='ltr'>armis.</span> 
     </span>
    </p>
   </div>
   <div class='ocr_carea' id='block_1_6' title="bbox 0 0 1355 3910">
    <p class='ocr_par' dir='ltr' id='par_1_6' title="bbox 0 0 1355 3910">
     <span class='ocr_line' id='line_1_36' title="bbox 0 0 1355 3910; baseline 0 0"><span class='ocrx_word' id='word_1_266' title='bbox 0 0 1355 3910; x_wconf 95' lang='lat' dir='ltr'> </span> 
     </span>
    </p>
   </div>
  </div>
 </body>
</html>
