2686 3910
216 201 278 282 176
504 209 507 220 '
542 215 572 264 c.
596 214 691 262 ruxrr
712 213 883 262 causatus
1081 225 1083 228 ·
1150 215 1212 260 vn.

211 364 282 435 iura,
310 363 401 440 leges,
430 383 526 441 agros,
554 365 715 425 libertatem
743 366 828 424 nobis
856 365 1040 441 reliquerunt.
1082 363 1212 423 Romani

212 481 281 521 vero
301 463 371 538 quid
390 474 493 540 petunt
511 463 588 522 aliud
607 473 656 522 aut
675 463 745 540 quid
764 464 873 534 volunt,
889 464 946 522 nisi
964 463 1071 522 invidia
1084 463 1211 531 adducti,

211 579 287 637 quos
312 561 390 621 sarna
415 562 528 621 nobiles
553 571 744 638 potentesque
769 562 846 621 bello
871 572 1079 638 cognoverunt,
1103 561 1210 619 horum

211 659 242 716 in
271 661 347 736 agris
375 661 591 735 civitatibusque
620 659 772 718 considere
800 669 887 736 atque
917 661 962 719 bis
989 669 1136 719 aeternam
1167 659 1211 716 in-

184 759 331 834 tiungere
353 759 536 818 servitutem?
565 757 669 834 Neque
691 749 770 816 enim
790 759 848 818 ulla
868 759 923 816 alia
943 757 1113 818 condicione
1134 757 1210 815 bella

213 868 373 932 gesserunt.
430 857 520 929 Quod
551 858 575 915 si
606 875 649 926 ea,
678 874 754 931 quae
784 856 815 913 in
845 856 1012 932 longinquis
1043 856 1209 914 nationibus

211 967 359 1034 geruntur,
388 956 536 1032 ignoratis
563 955 697 1031 respicite
727 954 879 1013 finitimam
911 954 1043 1026 Galliam,
1072 972 1147 1030 quae
1177 955 1209 1010 in

211 1055 390 1130 provinciam
419 1055 543 1124 redacta,
566 1053 626 1116 iure
654 1063 683 1111 et
710 1053 824 1128 legibus
851 1053 1035 1111 commutatis
1060 1053 1208 1111 securibus

213 1154 342 1212 subiecta
361 1161 501 1228 perpetua
521 1152 659 1227 premitur
679 1145 831 1209 servitute!
873 1157 925 1212 78.
949 1150 1104 1210 Sententiis
1125 1151 1208 1210 dictis

168 1271 199 1306 10
212 1251 398 1320 constituunt,
423 1260 455 1308 ut
482 1250 510 1320 ii,
536 1250 586 1326 qui
613 1249 777 1308 valetudine
805 1259 854 1308 aut
878 1260 971 1308 aetate
998 1249 1112 1308 inutiles
1140 1259 1208 1307 sunt

211 1349 296 1419 bell0,
327 1349 440 1424 oppido
471 1348 623 1418 excedant,
656 1357 743 1424 atque
774 1348 874 1406 omnia
903 1349 983 1423 prius
1014 1349 1205 1423 experiantur,

210 1465 300 1522 quam
332 1447 371 1506 ad
400 1446 562 1521 Critognati
592 1446 767 1503 sententiam
799 1445 994 1505 descendant:
1029 1447 1078 1504 illo
1108 1456 1206 1504 tamen

210 1545 308 1620 potius
328 1545 470 1604 utendum
490 1545 621 1615 consilio,
642 1545 665 1602 si
685 1563 733 1604 res
751 1554 839 1620 cogat
859 1555 945 1620 atque
967 1545 1072 1603 auxilia
1089 1561 1206 1602 moren-

137 1702 140 1708 .
210 1654 264 1716 tur,
279 1663 367 1720 quam
385 1655 435 1703 aut
455 1644 608 1703 deditionis
627 1653 677 1702 aut
695 1637 777 1720 pacis
796 1645 978 1703 subeundam
992 1645 1203 1703 condicionem.

166 1758 195 1808 ¹5
211 1741 373 1815 Mandubii,
401 1744 451 1820 qui
478 1761 531 1801 eos
558 1743 670 1818 oppido
697 1739 874 1818 receperant,
902 1761 969 1802 cum
996 1742 1092 1800 liberis
1119 1753 1206 1818 atque

208 1843 350 1901 uxoribus
373 1843 450 1900 exire
471 1852 623 1920 coguntur.
666 1841 708 1899 Hi
735 1860 803 1900 cum
830 1841 868 1900 ad
891 1842 1067 1900 munitiones
1095 1840 1206 1899 Roma·

210 1959 316 2000 norum
344 1942 543 2026 accessissent,
567 1941 669 2000 flentes
693 1940 829 1999 omnibus
857 1939 991 2015 precibus
1019 1940 1149 2009 orabant,
1174 1948 1206 1996 ut

87 2109 91 2114 ,
210 2060 242 2100 se
269 2045 300 2100 in
328 2043 494 2102 servitutem
521 2050 656 2115 receptos
681 2041 747 2098 cibo
775 2040 913 2098 iuvarent.
955 2039 996 2096 At
1017 2037 1126 2097 Caesar
1147 2039 1205 2098 dis-

76 2111 133 2316 O
209 2141 312 2216 positis
337 2141 367 2198 in
391 2140 466 2198 vallo
479 2138 659 2200 ,custodibus
683 2138 772 2212 recipi
794 2137 974 2212 prohibebat.
1016 2143 1068 2198 79.
1090 2137 1206 2196 Interea

142 2249 197 2292 ,πο
211 2239 364 2298 Commius
382 2239 542 2315 reliquique
561 2236 658 2308 duces,
673 2236 778 2312 quibus
797 2253 911 2294 summa
929 2235 1043 2310 imperii
1064 2236 1205 2311 permissa

210 2347 279 2409 erat,
303 2357 370 2396 cum
394 2337 530 2396 omnibus
553 2335 646 2410 copiis
671 2334 709 2393 ad
732 2334 860 2392 Alesiam
884 2334 1054 2410 perveniunt
1079 2344 1108 2392 et
1132 2333 1204 2392 colle

209 2436 349 2494 exteriore
374 2444 518 2511 occupato
543 2451 606 2492 non
632 2433 748 2508 longius
772 2433 850 2491 mille
877 2433 1012 2507 passibus
1036 2433 1074 2490 ab
1097 2432 1204 2490 nostris

208 2533 419 2593 munitionibus
448 2533 612 2592 considunt.
655 2531 778 2589 Postero
810 2531 856 2589 die
884 2531 1012 2607 equitatu
1039 2549 1076 2588 ex
1104 2531 1204 2590 castris

208 2631 313 2690 educto
336 2649 456 2690 ornnem
479 2649 544 2690 eam
566 2629 729 2706 planiciem,
752 2647 841 2704 quam
865 2630 896 2686 in
918 2629 1130 2704 longitudinem
1152 2630 1205 2687 tria

162 2745 194 2796 25
209 2728 288 2787 milia
320 2747 459 2805 passuum
490 2739 589 2806 patere
622 2728 891 2798 demonstravimus,
920 2728 1068 2802 complent
1100 2727 1203 2803 pedes·

207 2838 323 2903 tresque
348 2828 449 2902 copias
473 2827 592 2903 paulum
614 2827 651 2885 ab
672 2844 708 2884 eo
733 2825 800 2884 loco
825 2827 938 2885 abditas
965 2827 996 2883 in
1019 2825 1092 2884 locis
1117 2844 1203 2902 supe-

207 2928 330 2985 rioribus
354 2927 541 2985 constituunt.
582 2925 652 2982 Erat
675 2943 712 2983 ex
735 2925 846 3001 oppido
871 2923 969 2983 Alesia
993 2925 1148 3000 despectus
1172 2926 1203 2984 in

208 3043 355 3101 campum.
399 3023 584 3083 Concurrunt
600 3023 644 3082 his
662 3023 775 3081 auxiliis
796 3022 879 3094 visis;
904 3023 935 3080 lit
954 3023 1107 3098 gratulatio
1128 3025 1204 3082 inter

207 3142 260 3182 eos
285 3134 372 3198 atque
397 3123 530 3181 omniurn
554 3122 643 3180 animi
671 3122 708 3180 ad
732 3121 868 3180 laetitiam
892 3122 1057 3180 excitantur.
1100 3121 1204 3198 Itaque

161 3237 195 3285 ³0
207 3223 357 3297 productis
387 3222 479 3296 copiis
515 3231 582 3279 ante
613 3220 756 3296 oppidum
788 3219 943 3279 considunt
975 3230 1004 3278 et
1038 3221 1204 3296 proximam

207 3322 318 3383 fossam
346 3319 471 3379 cratibus
499 3320 632 3395 integunt
660 3328 745 3394 atque
774 3336 881 3394 aggere
909 3319 1024 3395 explent
1052 3337 1141 3396 seque
1166 3321 1204 3378 ad

128 3457 130 3461 .
207 3421 391 3494 eruptionem
412 3428 498 3496 atque
519 3437 623 3477 omnes
645 3436 730 3477 casus
751 3429 931 3494 comparant.

249 3524 302 3576 80.
326 3517 434 3578 Caesar
462 3518 544 3578 omni
572 3518 699 3576 exercitu
727 3518 764 3575 ad
791 3527 944 3594 utramque
971 3525 1083 3593 partem
1107 3517 1204 3578 muni-
