2630 3916
184 176 226 252 48
378 209 395 222 -·
508 191 539 242 o.
561 191 656 241 rorrr
676 189 849 242 onssrxrs
925 207 928 214 ·
1144 197 1182 246 11.

183 359 250 400 esse
263 340 397 400 inimicos
412 359 446 401 ac
462 359 531 402 suae
545 343 640 402 virtuti
653 343 800 417 invidere3
821 343 959 420 aquibus
980 361 1012 403 se
1027 343 1182 411 defendere

183 439 294 500 traditis
309 441 395 498 armis
415 458 476 499 non
489 450 620 518 possent.
664 441 724 500 Sibi
738 452 895 519 praestare,
916 443 940 500 si
954 443 984 500 in
998 460 1066 502 eum
1080 461 1182 502 casum

184 539 404 610 deducerentur,
432 541 564 616 quamvis
591 539 739 598 fortunam
766 559 784 599 a
807 541 921 617 populo
948 541 1088 599 Romano
1112 543 1181 618 pati,

183 655 272 714 quam
286 637 323 695 ab
334 637 379 696 his
393 654 445 712 per
459 637 617 697 cruciatum
631 638 760 710 interfici,
774 639 849 697 inter
862 657 938 715 quos
952 638 1096 698 dominari
1110 657 1182 698 con-

152 745 323 808 5suessent.
365 742 416 794 32.
437 736 487 794 Ad
508 736 581 794 haec
606 735 714 796 Caesar
734 737 902 815 respondit:
933 737 971 796 Se
993 738 1088 813 magis
1109 755 1181 797 con-

168 819 334 893 ¹suetudine
357 853 410 893 sua
423 852 513 910 quam
534 836 637 896 merito
659 855 761 901 eorum
780 837 925 896 civitatem
943 844 1181 895 conservaturum

183 933 206 992 si
227 931 315 1008 prius,
338 951 426 1009 quam
447 951 563 991 murum
584 933 658 992 aries
680 935 830 1010 attigisset,
852 953 884 993 se
905 933 1101 993 dedidissent:
1127 933 1181 993 sed

182 1030 337 1090 deditionis
358 1031 467 1089 nullam
486 1049 551 1091 esse
570 1031 776 1092 condicionem
796 1033 852 1092 nisi
871 1033 958 1092 armis
979 1031 1097 1091 traditis.
1140 1031 1178 1090 Se

119 1186 123 1194 s
181 1130 220 1200 id,
245 1128 327 1205 quod
346 1129 377 1187 in
398 1127 512 1188 Nerviis
535 1129 661 1203 fecisset,
681 1129 825 1190 factmum
846 1131 1033 1206 finitimisque
1053 1130 1179 1206 impera·

139 1249 170 1284 10
182 1240 287 1300 nuum,
301 1246 339 1287 ne
353 1246 442 1304 quam
461 1229 602 1290 dediticiis
621 1231 723 1308 populi
738 1230 866 1290 Romani
885 1229 1017 1288 iniuriam
1031 1229 1177 1290 inferrent.

182 1327 228 1386 Re
252 1327 384 1386 nuntiata
408 1326 445 1385 ad
469 1345 547 1400 suos,
573 1346 648 1404 quae
672 1329 890 1404 imperarentur,
915 1327 1011 1386 facere
1035 1327 1177 1388 dixerunt.

181 1427 341 1484 Armorum
360 1443 469 1500 magna
482 1425 665 1484 multitudine
680 1426 717 1485 de
738 1444 822 1484 muro
842 1425 1007 1497 infossam,
1027 1442 1101 1503 quae
1116 1433 1178 1484 erat

181 1532 249 1582 ante
263 1523 415 1600 oppidum,
430 1524 513 1597 iacta,
533 1525 576 1583 sic
595 1534 628 1583 ut
641 1542 733 1600 prope
752 1543 898 1584 summam
916 1523 991 1581 muri
1004 1523 1177 1600 aggerisque

181 1622 362 1681 altitudinem
383 1623 477 1681 acervi
497 1640 645 1681 armorum
665 1623 870 1700 adaequarent,
891 1630 920 1680 et
946 1631 1045 1681 tamen
1065 1621 1177 1680 circiter

139 1738 167 1787 15
181 1732 262 1798 parte
276 1721 366 1791 tertia,
381 1730 413 1779 ut
426 1731 530 1796 postea
543 1729 728 1796 perspectum
743 1730 794 1791 est,
815 1721 907 1780 celata
920 1729 1007 1796 atque
1021 1720 1051 1778 in
1065 1719 1176 1796 oppido

180 1828 292 1880 retenta
302 1820 394 1895 portis
414 1819 567 1896 patefactis
590 1837 626 1878 eo
642 1819 688 1878 die
703 1838 776 1895 pace
791 1827 859 1878 sunt
872 1819 925 1878 usi.
966 1824 1017 1878 83.
1041 1817 1176 1878 Subves·

180 1935 283 1994 perum
299 1918 407 1977 Caesar
420 1927 519 1994 portas
534 1916 628 1976 claudi
638 1917 801 1994 militesque
824 1937 860 1976 ex
872 1916 983 1994 oppido
995 1916 1074 1976 exire
1084 1917 1176 1990 iussit,

180 2035 218 2074 ne
240 2035 329 2094 quarn
348 2027 439 2076 noctu
462 2017 603 2094 oppidani
624 2017 661 2075 ab
683 2017 820 2076 militibus
840 2017 981 2087 iniuriam,
1002 2016 1175 2092 acciperent.

181 2114 226 2172 Illi
234 2124 302 2174 ante
313 2116 393 2188 inito,
408 2125 440 2174 ut
450 2116 627 2174 intellectum
639 2125 690 2187 est,
703 2115 836 2187 consilio,
850 2115 930 2193 quod
941 2114 1089 2174 deditione
1099 2115 1176 2174 facta

136 2231 168 2264 20
180 2223 295 2271 nostros
309 2213 453 2289 praesidia
467 2213 643 2274 deducturos
665 2223 714 2273 aut
728 2212 853 2289 denique
866 2212 1064 2289 indiligentius
1079 2229 1175 2270 serva-

180 2319 260 2368 turos
280 2311 468 2382 crediderant,
483 2312 587 2387 partim
607 2313 739 2390 sumptis
758 2331 834 2388 quae
853 2312 1033 2370 retinuerant
1051 2319 1079 2368 et
1098 2309 1173 2368 cela-

179 2416 287 2479 verant,
308 2408 404 2479 armis
426 2409 530 2484 partim
552 2411 639 2468 scutis
661 2429 697 2469 ex
719 2411 826 2469 cortice
848 2409 930 2472 iactis
951 2419 1001 2469 aut
1020 2408 1174 2468 viminibus

179 2506 304 2578 intextis,
340 2525 414 2583 quae
450 2507 561 2580 subito,
589 2519 621 2568 ut
653 2509 793 2586 temporis
827 2509 968 2585 exiguitas
1000 2506 1174 2584 postulabat,

179 2604 301 2680 pellibus
328 2605 510 2674 induxerant,
535 2608 617 2666 tertia
643 2608 747 2684 vigilia,
776 2626 834 2684 qua
860 2609 980 2666 minime
1004 2607 1110 2666 arduus
1135 2607 1174 2668 ad

136 2724 165 2774 ²5
179 2713 293 2764 nostras
327 2704 503 2764 munitiones
537 2724 675 2766 ascensus
713 2707 870 2778 videbatur,
906 2706 1041 2765 omnibus
1079 2706 1173 2783 copiis

179 2804 330 2878 repentino
345 2822 382 2863 ex
397 2805 507 2880 oppido
522 2806 704 2882 eruptionem
717 2805 855 2865 fecerunt.
898 2805 1044 2876 Celeriter,
1059 2814 1092 2864 ut
1105 2813 1172 2864 ante

179 2899 289 2960 Caesar
310 2902 473 2978 imperarat,
497 2903 614 2979 ignibus
638 2903 850 2980 significatione
873 2903 949 2962 iacta
971 2922 1008 2962 ex
1031 2902 1171 2980 proximis

178 3000 300 3059 castellis
328 3019 364 3060 eo
389 3019 564 3060 concursum
592 3011 644 3075 est,
669 3013 888 3080 pugnatumque
912 3004 949 3062 ab
973 3003 1104 3061 hostibus
1131 3002 1172 3060 ita

177 3099 280 3158 acriter
298 3108 352 3171 est,
372 3109 402 3158 ut
422 3119 439 3158 a
458 3101 524 3160 viris
543 3100 666 3160 fortibus
684 3103 715 3160 in
733 3111 861 3160 extrema
878 3120 931 3178 spe
952 3101 1051 3161 salutis
1069 3100 1172 3176 iniquo

134 3196 244 3260 soloco
273 3193 376 3256 co‘ntra
400 3215 462 3270 eos
490 3199 541 3274 qui
568 3217 604 3257 ex
631 3199 706 3259 vallo
733 3201 919 3276 turribusque
947 3200 1004 3259 tela
1032 3201 1172 3272 iacerent,

178 3297 303 3370 pugnari
320 3296 428 3367 debuit,
448 3314 516 3354 eum
534 3297 566 3355 in
584 3316 643 3356 una
660 3299 763 3357 virtute
780 3299 878 3358 omnis
899 3317 968 3375 spes
983 3298 1084 3358 salutis
1099 3315 1172 3356 con-

177 3392 298 3452 sisteret.
341 3392 453 3452 Occisis
478 3394 516 3452 ad
539 3394 695 3454 hominum
717 3397 834 3456 milibus
856 3406 992 3474 quattuor
1014 3397 1119 3473 reliqui
1141 3398 1173 3456 in

177 3489 319 3562 oppidum
343 3493 440 3552 reiecti
463 3501 539 3554 sunt.
580 3493 724 3556 Postridie
747 3496 810 3566 eius
835 3496 891 3558 diei
915 3496 1044 3558 refractis
1068 3495 1170 3573 portis
1269 3551 1274 3558 .
