2650 3918
121 209 259 281 a.r-25.
345 211 392 258 nn
413 210 523 258 aaran
544 209 696 260 ormino
719 211 829 261 eoum
857 213 917 262 un.
1053 197 1114 283 '14'7

115 369 180 418 arte
195 361 404 420 contineantur.
443 362 496 420 -Sic
511 362 649 438 deinceps
664 380 752 421 omne
767 381 843 440 opus
857 363 1029 435 contexitur,
1046 364 1116 421 dum

118 457 196 517 iusta
207 459 287 524 ›muri
308 459 428 518 altitudo
447 460 603 535 expleatur.
647 459 717 519 Hoc
735 478 807 520 cum
828 463 858 519 in
880 462 1008 537 speciem
1026 463 1117 521 varie-

114 565 268 634 tatemque
289 576 366 634 opus
387 557 517 616 deforme
538 575 600 616 non
622 568 665 616 est
686 558 803 617 alternis
825 560 956 618 trabibus
972 578 1013 618 ac
1031 560 1117 632 saxis,

119 672 196 730 quae
210 657 300 714 rectis
319 656 402 714 lineis
421 674 491 714 suos
512 656 629 714 ordines
647 665 769 728 servant,
790 667 852 716 turn
870 657 907 716 ad
918 657 1071 716 utilitatem
1088 669 1119 717 et

121 753 326 813 defensionem
345 755 460 813 urbium
482 772 627 816 summam
648 755 735 814 babet
756 757 1012 832 opportunitatem,
1038 755 1145 834 quoda

115 860 149 910 et
168 853 206 910 ab
225 853 362 911 incendio
376 853 450 930 lapis
470 863 498 912 et
513 854 550 911 ab
565 855 652 913 ariete
668 856 789 914 materia
808 855 945 927 defendit,
964 875 1038 932 quae
1053 875 1118 933 per-

118 951 216 1026 petuis
244 951 376 1010 trabibus
411 951 501 1028 pedes
533 953 738 1029 quadragenos
773 955 943 1031 plerumque
978 955 1119 1014 introrsus

117 1049 248 1108 revincta
272 1067 368 1125 neque
395 1049 542 1126 perrumpi
570 1069 666 1127 neque
694 1052 812 1111 distrahi
839 1062 943 1129 potest.
987 1059 1039 1113 24.
1061 1053 1119 1112 His

118 1156 164 1206 tot
183 1149 270 1205 rebus
290 1148 430 1224 impedita
449 1149 669 1225 oppugnatione
690 1151 802 1222 milites
822 1169 889 1210 ourn
903 1160 968 1210 toto
987 1161 1119 1228 tempore

118 1245 227 1322 frigore
252 1255 281 1304 et
302 1247 428 1306 assiduis
452 1248 593 1305 imbribus
621 1249 810 1322 tardarentur,
835 1260 932 1309 tamen
953 1251 1118 1310 *continenti
1133 1273 1164 1308 ro

117 1344 219 1402 labore
247 1345 347 1403 omnia
374 1345 447 1406 baec
472 1357 680 1422 superaverunt
704 1357 733 1407 et
758 1350 862 1425 diebus
889 1367 954 1408 xxv
979 1367 1119 1425 aggerem

117 1444 211 1502 latum
231 1441 322 1518 pedes
342 1459 464 1514 cccxxx,
483 1444 573 1501 altrum
586 1445 677 1518 pedes
696 1431 776 1505 nxxrr
789 1456 999 1506 exstruxerunt.
1039 1446 1119 1506 Cum

118 1545 145 1617 is
169 1558 287 1598 murum
311 1539 439 1599 hostium
464 1561 558 1618 paene
584 1545 775 1619 contingeret,
797 1555 826 1604 et
851 1544 959 1605 Caesar
984 1546 1022 1604 ad
1042 1563 1119 1622 opus

118 1639 334 1704 consuetudine
373 1643 529 1700 excubaret
567 1644 729 1720 militesque
762 1645 932 1716 hortaretur,
964 1664 1004 1704 ne
1034 1644 1120 1720 quod

118 1741 244 1802 omnino
263 1747 381 1816 tempus
406 1741 443 1798 ab
458 1759 548 1818 opere
562 1743 803 1814 immitteretur,
818 1744 906 1820 paulo
928 1755 994 1802 ante
1005 1745 1119 1803 tertiam
1135 1763 1163 1812 15

117 1841 246 1917 vigiliam
266 1847 310 1897 est
329 1839 561 1899 animadversum
580 1841 692 1899 fumare
711 1860 857 1917 aggerem,
874 1862 963 1919 quem
984 1842 1119 1902 cuniculo

118 1941 221 2000 hostes
240 1938 461 2011 succenderant,
482 1941 645 2016 eodemque
664 1950 797 2018 tempore
811 1952 875 2001 toto
892 1959 977 2000 muro
993 1941 1119 2000 clamore

119 2038 237 2098 sublato
266 2039 379 2096 duabus
406 2039 498 2114 portis
526 2041 563 2098 ab
591 2049 715 2115 utroque
743 2039 831 2098 latere
858 2041 980 2098 turrium
1007 2039 1120 2115 eruptio

117 2139 224 2197 fiebat:
247 2137 294 2196 alii
308 2136 387 2195 iaces
402 2146 489 2214 atque
504 2137 614 2196 aridam
624 2138 774 2196 materiem
789 2137 825 2196 de
839 2156 925 2197 muro
938 2139 969 2195 in
983 2154 1120 2214 aggerem

117 2237 235 2295 eminus
249 2235 401 2306 iaciebant,
416 2237 513 2313 picem
528 2237 711 2312 reliquasque
723 2255 778 2307 res,
793 2236 898 2311 quibus
912 2237 988 2312 ignis
1002 2236 1120 2294 excitari
1135 2257 1166 2294 ao

117 2344 226 2412 potest,
255 2333 425 2406 fundebant,
449 2345 489 2405 ut,
515 2353 574 2410 quo
599 2335 726 2410 primum
750 2345 910 2394 curreretur
931 2345 985 2393 aut
1008 2335 1055 2394 cui
1078 2335 1121 2392 rei

117 2434 242 2493 ferretur
273 2433 420 2505 auxilium,
449 2433 497 2490 vix
525 2434 598 2491 ratio
633 2433 698 2490 iniri
730 2421 840 2509 posset.
882 2433 1006 2505 Tamen,
1040 2432 1121 2510 quod

118 2533 251 2592 instituto
269 2531 402 2590 Caesaris
424 2550 540 2607 semper
559 2532 633 2590 duae
647 2531 779 2607 legiones
799 2550 854 2608 pro
872 2533 974 2591 castris
991 2532 1121 2591 excuba-

118 2633 193 2691 bant
211 2631 366 2707 pluresque
385 2630 498 2705 partitis
517 2630 697 2705 temporibus
715 2639 800 2688 erant
818 2630 851 2686 -in
873 2645 970 2706 opere,
993 2631 1121 2690 celeriter

117 2729 232 2789 factum
246 2738 299 2800 est,
313 2737 345 2786 ut
360 2727 407 2787 alii
419 2727 621 2804 eruptionibus
641 2727 814 2798 resisterent,
829 2727 877 2785 alii
892 2738 983 2786 turres
1002 2729 1120 2787 reduce·
1134 2747 1164 2796 25

116 2838 188 2887 rent
220 2845 417 2904 aggeremque
450 2827 697 2896 interscinderent‚
726 2826 823 2884 onmis
853 2844 921 2884 vero
951 2845 988 2884 ex
1021 2827 1121 2885 castris

118 2926 278 2986 multitudo
317 2925 355 2984 ad
395 2925 635 3002 restinguendum
670 2933 861 2983 concurreret.
904 2931 956 2984 25.
979 2924 1056 2984 Cum
1090 2926 1121 2982 in

119 3027 259 3086 omnibus
275 3025 346 3083 locis
360 3034 537 3099 consumpta
547 3023 606 3080 iam
617 3022 726 3098 reliqua
740 3033 820 3098 parte
834 3005 929 3082 noctis
943 3032 1121 3099 pugnaretur

119 3142 296 3201 semperque
310 3123 443 3182 hostibus
464 3140 531 3198 spes
545 3121 680 3179 victoriae
698 3121 946 3198 redintegraretur,
966 3139 1003 3179 eo
1017 3121 1119 3195 magis,

118 3225 202 3300 quod
233 3224 353 3282 deustos
382 3222 500 3298 pluteos
530 3221 650 3278 turrium
678 3219 816 3278 videbant
846 3239 901 3278 nec
930 3218 1012 3278 facile
1040 3217 1119 3276 adire
1134 3241 1166 3291 30

116 3333 238 3398 apertos
266 3321 305 3380 ad
334 3319 533 3380 auxiliandum
562 3312 837 3389 animadvertebant,
867 3335 1037 3394 semperque
1064 3315 1120 3391 ipsi

118 3431 252 3479 recentes
272 3419 393 3479 defessis
413 3419 601 3477 succederent
618 3435 797 3494 omnemque
814 3415 925 3474 Galliae
943 3414 1065 3472 salutem
1089 3414 1119 3471 in

118 3519 171 3579 illo
190 3518 315 3596 vestigio
338 3519 477 3594 temporis
497 3516 625 3595 positam
644 3517 858 3586 arbitrarentur,
881 3513 984 3572 accidit
1004 3513 1119 3601 inspec-

613 3629 670 3672 ua
