2650 3918
412 27 654 170 fflsstft'.
535 99 632 155 ‘'-ll

379 233 433 309 l*
471 227 559 308 Γ
657 189 739 428 fs
737 223 950 335 ΓΟ
962 252 995 351 i

691 343 754 440 qd(
772 344 847 422 fs&
887 382 903 422 'r
971 374 977 386 ¹

367 575 403 640 e.
445 573 568 640 IULII
591 521 901 692 cnu‘slil'r‘r‘sz's

166 783 288 890 'DE
360 737 617 891 nunno.
682 805 1030 918 caturco

379 1067 662 1144 conunurnnrus
684 1071 846 1136 Qumrus

422 1283 556 1394 a;c.⁵54.
597 1316 708 1378 nuc.
726 1330 795 1395 γοα.

142 1533 240 1584 Second
256 1531 379 1582 Failure
369 1547 396 1580 rn
415 1531 515 1580 Britain
549 1531 615 1600 Ruin
631 1531 681 1580 and
694 1531 778 1582 Deatb
794 1531 823 1582 of
835 1533 912 1584 Cotta
928 1531 978 1582 and
992 1532 1106 1585 Sabinus.

109 1613 274 1680 Generalship
291 1613 363 1678 on.
374 1613 461 1664 Cicero
478 1613 575 1678 against
591 1613 730 1672 Ambiorix,
746 1613 796 1662 and
814 1613 844 1664 of
860 1615 992 1701 Labienus
1009 1617 1107 1682 against

109 1697 153 1747 the
168 1698 272 1770 Treviri.

150 1865 188 1918 1.·
205 1859 239 1918 L.
265 1823 503 1934 Domnroffllp.
536 1856 659 1945 Claudio
691 1857 857 1917 consulibus
887 1858 1039 1930 discedens
1068 1859 1107 1916 ab

109 1954 238 2018 hibernis
263 1956 376 2018 Caesar
393 1958 423 2018 in
443 1955 566 2030 Italiam,
591 1965 624 2014 ut
644 1957 800 2032 quotannis
824 1957 920 2017 facere
944 1961 1106 2027 consuerat,

109 2058 213 2134 legatis
247 2058 377 2133 imperat,
413 2073 488 2132 quos
522 2054 686 2130 legionibus
722 2055 907 2134 praefecerat,
941 2057 983 2114 uti
1017 2072 1107 2132 quarn
1149 2078 1151 2082 ·

109 2154 249 2232 plurimas
270 2163 391 2231 possent
410 2153 506 2213 hieme
527 2171 616 2213 naves
638 2153 832 2213 aedificandas
852 2161 1020 2229 veteresque
1041 2152 1106 2211 refi-

110 2253 231 2313 ciendas
255 2260 396 2311 curarent.
428 2251 550 2322 ‘Earum'
570 2252 693 2311 modum
714 2252 896 2328 formamque
918 2252 1135 2312 demonstrati

109 2353 160 2412 Ad
180 2351 355 2410 celeritatem
375 2350 516 2410 onerandi
537 2350 800 2428 subductionesque
820 2351 909 2428 paulo
929 2350 1108 2410 facithumi-

109 2451 203 2523 liores,
225 2468 315 2527 quam
336 2450 440 2526 quibus
461 2451 492 2506 in
512 2459 613 2508 nostro
633 2451 705 2509 mari
726 2450 767 2508 uti
787 2449 1000 2522 consuevimus,
1017 2459 1108 2527 atque
1163 2496 1165 2501 .

109 2549 140 2608 id
157 2565 193 2608 eo
215 2549 319 2624 magis,
336 2547 416 2625 quod
436 2557 555 2625 propter
576 2550 692 2608 crebras
713 2549 955 2608 commutationes
976 2557 1109 2608 aestuum

109 2649 207 2706 minus
236 2665 361 2723 magnos
389 2647 429 2705 ibi
456 2647 561 2706 fluctus
589 2647 651 2706 fieri
678 2657 864 2724 cognoverat,
893 2648 930 2707 ad
957 2665 1046 2707 onera
1073 2667 1108 2708 ae
1177 2636 1180 2644 ’

109 2745 324 2805 multitudinem
356 2745 552 2804 iumentorum
583 2745 837 2822 transportandam
867 2745 956 2821 paulo
983 2737 1108 2819 latiores
1124 2764 1155 2802 ro

110 2863 200 2922 quarn
224 2845 329 2921 quibus
349 2843 380 2902 in
400 2843 517 2920 reliquis
544 2842 652 2901 utimur
671 2845 808 2902 maribus.
851 2842 916 2902 Has
935 2862 1040 2904 omnes
1061 2847 1109 2904 ae'-
1190 2907 1197 2918 „

109 2943 215 3002 tuarias
229 2943 353 3018 imperat
369 2941 439 3013 fieri,
450 2959 539 3018 quam
555 2941 592 2998 ad
605 2960 668 3000 rem
680 2942 826 3001 humilitas
844 2942 967 3001 multum
986 2943 1109 3002 adiuvat.

109 3041 162 3114 Ea,
179 3059 255 3119 quae
273 3051 341 3100 sunt
358 3041 422 3100 usui
441 3040 479 3099 ad
496 3039 652 3098 armandas
670 3058 767 3112 naves,
787 3059 823 3098 ex
842 3039 988 3117 Hispania
1005 3059 1110 3118 appor-

108 3140 162 3199 tari
186 3141 275 3200 iubet.
317 3139 387 3217 Ipse
411 3140 603 3199 conventibus
632 3137 743 3198 Galliae
767 3139 905 3199 citerioris
929 3139 1052 3216 peractis
1079 3139 1111 3196 in

108 3235 252 3316 Illyricum
282 3239 482 3316 proficiscitur,
511 3237 593 3314 quod
620 3255 638 3296 a
665 3236 785 3300 Pirustis
820 3237 971 3296 finitimam
998 3245 1110 3313 partem
1126 3251 1155 3303 15

108 3336 276 3412 provinciae
294 3335 510 3395 incursionibus
528 3335 634 3393 vastari
650 3335 792 3394 audiebat.
834 3334 881 3394 Eo
896 3351 963 3393 cum
976 3331 1110 3405 venisset,

108 3435 271 3495 civitatibus
297 3434 404 3493 milites
431 3433 557 3509 imperat
578 3441 747 3511 certumque
772 3434 803 3491 in
830 3433 928 3492 locum
957 3429 1111 3491 convenire

107 3532 197 3596 iubet.
241 3533 309 3608 Qua
330 3551 362 3592 re
385 3533 520 3594 nuntiata
543 3532 673 3593 Pirustae
697 3533 810 3610 legatos
835 3532 964 3591 adeum
986 3527 1111 3603 mittunt,

599 3649 620 3694 G
643 3653 659 3692 2
