2686 3910
207 172 269 233 206
613 181 648 228 Α.
670 179 794 230 HJRTH
898 171 901 176 '
1128 185 1206 228 vnn·

207 332 242 392 C:
257 333 397 392 Marcello
431 333 607 404 consulibus,
635 334 728 394 nullas
760 335 848 392 habet
881 351 1061 410 magnopere
1092 330 1206 390 Galliae

206 451 252 491 res
267 443 370 508 gestas.
414 431 460 491 Ne
475 433 540 508 quis
559 443 656 491 tamen
676 434 830 509 ignoraret,
845 434 950 509 quibus
965 433 995 489 in
1010 431 1080 490 locis
1096 429 1208 488 Caesar

207 532 406 608 exercitusque
439 551 475 590 eo
509 541 639 608 tempore
672 533 800 603 fuissent,
828 534 922 608 pauca
954 549 1017 590 esse
1051 529 1207 590 scribenda

208 632 471 708 coniungendaque
485 631 552 690 huic
567 633 776 691 commentario
792 633 885 690 statui.

180 751 193 798 5
248 735 304 790 49.
327 729 434 788 Caesar
452 731 482 788 in
501 731 603 807 Belgio
624 749 691 789 cum
710 732 858 802 hiemaret,
873 749 964 788 unum
982 727 1052 788 illud
1069 729 1205 804 proposi-

207 839 269 888 tum
291 829 423 900 habebat,
442 829 590 888 continere
608 831 638 887 in
659 830 784 889 amicitia
806 831 941 899 civitates,
960 829 1029 886 nulli
1051 847 1133 903 spem
1155 835 1207 886 aut

209 944 327 986 causam
352 929 420 986 dare
442 946 596 986 annorum.
640 929 719 988 Nihil
744 931 822 989 enim
846 930 942 987 minus
968 928 1090 997 volebat,
1114 944 1206 1002 quam

208 1029 263 1085 sub
291 1029 415 1086 decessu
442 1045 496 1085 suo
524 1030 727 1087 necessitatem
756 1030 811 1087 sibi
838 1027 964 1104 aliquam
997 1027 1109 1102 imponi
1137 1025 1207 1083 beili

208 1127 335 1200 gerendi,
350 1144 397 1197 ne,
412 1143 479 1183 cum
493 1129 651 1187 exercitum
671 1129 846 1188 deducturus
861 1137 946 1197 esset,
960 1126 1068 1184 bellum
1086 1123 1206 1200 aliquod

166 1241 195 1277 10
208 1224 401 1299 reliqueretur,
416 1224 495 1301 quod
514 1227 610 1286 omnis
629 1227 724 1286 Gallia
740 1227 861 1286 libenter
880 1228 942 1284 sine
963 1224 1108 1302 praesenti
1129 1223 1207 1298 peri·

208 1323 274 1381 culo
309 1325 474 1400 susciperet.
531 1324 632 1400 Itaque
666 1326 826 1385 honorifice
859 1325 987 1383 civitates
1021 1322 1206 1398 appellando,

208 1422 354 1498 principes
378 1423 512 1482 maximis
536 1425 671 1498 praemiis
701 1425 862 1494 afficiendo
888 1423 966 1481 nulla
994 1438 1083 1480 onera
1110 1421 1206 1478 iniun-

208 1519 306 1596 gendo
334 1519 479 1578 defessam
507 1531 550 1580 tot
577 1523 702 1582 adversis
730 1523 846 1599 proeliis
874 1521 1000 1580 Galliam
1031 1519 1207 1578 condicione

207 1619 330 1694 parendi
343 1620 462 1678 meliore
477 1621 559 1679 facile
574 1623 604 1679 in
618 1640 690 1697 pace
705 1621 853 1680 continuit.

165 1735 193 1783 15
251 1723 305 1775 50.
327 1717 533 1793 Ipse-hibemis
547 1722 672 1797 peractis
686 1730 787 1779 contra
797 1719 1039 1778 consuetudinem
1050 1718 1080 1774 in
1092 1713 1206 1773 Italiam

209 1831 297 1890 quam
318 1817 452 1875 maximis
471 1818 618 1877 itineribus
636 1829 678 1876 est
697 1817 852 1895 profectus
867 1828 898 1876 ut
912 1816 1070 1891 municipia
1083 1823 1111 1874 et
1125 1813 1206 1872 colo·

209 1914 273 1972 nias
295 1916 460 1990 appellaret,
475 1917 580 1992 quibus
602 1916 644 1975 M.
661 1917 789 1988 Antonii,
804 1916 965 1992 quaestoris
987 1915 1039 1985 sui,
1055 1929 1206 1972 commen·

209 2012 326 2071 daverat
359 2015 511 2073 sacerdotii
543 2016 719 2091 petitionem.
772 2015 977 2075 Contendebat
1009 2013 1087 2071 enim
1115 2012 1207 2087 gratia

210 2129 276 2170 cum
300 2112 420 2170 libenter
444 2131 497 2189 pro
520 2115 638 2173 homine
662 2114 716 2173 sibi
741 2114 987 2183 coniunctissimo,
1005 2128 1093 2188 quem
1118 2108 1207 2186 paulo

164 2227 196 2263 ao
209 2220 276 2268 ante
290 2213 476 2287 praemiserat
490 2214 528 2270 ad
541 2213 719 2288 petitionem,
734 2223 796 2271 tum
810 2213 911 2271 acriter
930 2221 1031 2271 contra
1050 2210 1207 2270 factionem

209 2318 239 2366 et
262 2311 422 2385 potentiam
450 2330 619 2387 paucomm,
645 2312 694 2388 qui
719 2311 761 2370 M.
787 2312 909 2370 Antonii
933 2311 1049 2388 repulsa
1073 2309 1207 2369 Caesaris

209 2406 397 2467 decendentis
415 2412 537 2486 gratiam
557 2411 716 2470 convellere
735 2411 899 2487 cupiebant.
942 2409 1032 2468 Hunc
1048 2409 1103 2468 etsi
1115 2425 1207 2483 augu-

208 2523 276 2562 rem·
285 2506 364 2582 prius
377 2508 494 2578 factum,
510 2527 598 2584 quam
612 2509 725 2568 ltaliam
740 2510 900 2586 attingeret,
912 2510 942 2566 in
955 2508 1055 2566 itinere
1070 2507 1207 2586 audierat¹

209 2615 308 2663 tamen
328 2624 387 2664 non
408 2607 505 2665 minus
527 2609 632 2666 iustam
646 2609 702 2668 sibi
720 2625 838 2667 causam
852 2607 1010 2682 municipia
1024 2615 1053 2664 et
1075 2605 1208 2665 colonias

165 2718 195 2770 ²5
209 2703 335 2762 adeundi
354 2705 538 2777 existimavit·
557 2706 641 2766 utils
660 2707 766 2783 gratias
785 2716 892 2782 ageret,
912 2705 993 2782 quod
1014 2703 1207 2780 frequentiam

209 2811 296 2877 atque
317 2801 444 2862 officium
467 2822 551 2862 suum
572 2805 704 2863 Antonio
726 2805 943 2881 praestitissent,
960 2803 1101 2879 simulque
1125 2820 1156 2861 se
1179 2813 1208 2861 et

208 2901 351 2959 honorem
367 2921 450 2960 suum
466 2904 612 2978 sequentis
629 2903 698 2963 anni
717 2901 944 2972 commendaret,
960 2913 1114 2978 propterea
1128 2899 1209 2977 quod

208 3000 366 3060 insolenter
379 3001 533 3061 adversarii
551 3003 595 3061 sui
608 3003 798 3078 gloriarentur
817 3001 850 3059 L.
866 3000 1022 3060 Lentulum
1038 3009 1066 3058 et
1081 2999 1114 3059 C.
1129 2998 1210 3057 Mar-

210 3099 314 3158 cellum
333 3100 468 3158 consules
490 3111 609 3173 creatos,
624 3103 675 3176 qui
694 3118 812 3160 omnem
831 3100 974 3158 honorem
994 3109 1023 3158 et
1037 3099 1208 3176 dignitatem

165 3207 197 3255 30
210 3195 343 3257 Caesaris
365 3198 529 3274 spoliarent,
550 3209 682 3275 ereptum
705 3198 765 3257 Ser.
788 3197 900 3257 Galbae
926 3198 1117 3268 consulatum,
1140 3215 1208 3255 cum

210 3295 234 3354 is
255 3297 346 3354 multo
368 3296 433 3372 plus
454 3297 545 3372 gratia
566 3297 766 3373 suffragiisque
786 3297 930 3367 valuisset,
950 3297 1029 3373 quod
1055 3297 1108 3355 sibi
1137 3313 1209 3354 con·

209 3394 323 3452 iunctus
357 3406 384 3454 et
417 3394 605 3452 familiaritate
638 3404 666 3453 et
699 3395 907 3454 consuetudine
938 3393 1091 3470 legationis
1123 3404 1208 3454 esset

211 3495 258 3547 51.
279 3490 427 3568 Exceptus
449 3503 492 3552 est
514 3491 646 3552 Caesaris
667 3495 807 3553 adventus
828 3495 865 3552 ab
886 3494 1022 3552 omnibus
1043 3493 1209 3570 municipiis

211 3593 240 3642 et
260 3587 382 3646 coloniis
404 3590 563 3650 incredibili
583 3592 695 3651 honore
717 3602 803 3669 atque
824 3567 930 3652 amore.
974 3591 1054 3650 Tum
1081 3591 1208 3668 primum
