2630 3916
177 160 218 226 62
503 174 533 224 c.
556 173 650 222 ruurr
669 131 843 222 cnusnxrs
1001 164 1002 169 ’
1123 173 1174 220 ιιι.

178 325 346 384 decertaret.
389 320 456 382 Hac
480 341 511 382 re
535 325 573 384 ad
593 324 747 398 consilium
772 323 867 383 delata
886 323 936 382 ubi
964 333 1068 382 omnes
1095 321 1174 381 idem'

150 403 152 407 ¹
178 422 287 481 sentire
299 421 445 494 intellexit,
456 387 605 499 postemni
612 385 696 482 diarii
710 439 827 499 pugnae
841 421 997 482 constituit.
1040 426 1093 480 24.
1113 419 1177 478 Pri·

178 536 229 586 ma
254 521 319 580 luce
345 520 496 598 productis
526 522 664 580 omnibus
692 523 784 599 copiis
809 522 916 598 duplici
947 521 1010 580 acie
1037 520 1175 590 instituta,

180 620 291 679 auxiliis
319 619 350 678 in
378 620 505 680 mediam
537 623 630 680 aciem
656 621 806 693 coniectis,
833 621 903 698 quid
930 621 1031 680 hostes
1062 617 1177 678 consilii

150 729 325 796 scaperent,
353 721 547 795 exspectabat.
598 720 652 791 Illi,
680 722 734 779 etsi
761 729 880 798 propter
906 720 1121 779 multitudinem
1147 728 1176 776 et

180 827 305 876 veterem
337 817 404 876 belli
436 818 558 893 gloriam
590 819 822 896 paucitatemque
854 829 1021 877 nostrorum
1055 835 1085 876 se
1112 824 1177 874 tuto

179 916 366 975 dimicaturos
394 917 603 989 existimabant,
632 927 730 976 tamen
757 918 844 976 tutius
870 933 936 975 esse
967 915 1179 973 arbitrabantur.

181 1015 310 1074 obsessis
329 1015 381 1073 viis
401 1026 567 1074 commeatu
585 1016 742 1075 intercluso
760 1017 824 1075 sine
844 1015 904 1074 ullo
922 1015 1040 1072 vulnere
1060 1011 1178 1070 victoria
1196 1005 1201 1016 “

181 1113 268 1188 potiri
292 1121 329 1183 et,
352 1113 376 1170 si
394 1121 514 1189 propter
535 1114 664 1190 inopiam
682 1114 721 1172 rei
744 1113 946 1173 frumentariae
968 1111 1095 1171 Romani
1113 1123 1178 1168 sese

140 1227 170 1264 10
182 1206 310 1282 recipere
341 1207 512 1282 coepissent,
534 1209 689 1284 impeditos
716 1209 747 1266 in
774 1209 890 1284 agmine
919 1215 947 1266 et
975 1207 1029 1264 sub
1057 1205 1178 1264 sarcinis

182 1303 339 1362 infirmiore
359 1303 458 1362 animo
477 1305 583 1363 adoriri
603 1306 778 1381 cogitabant.
821 1303 890 1363 Hoc
912 1289 1036 1364 consilio
1054 1303 1178 1378 probato

183 1403 220 1460 ab
232 1400 353 1460 ducibus
364 1400 512 1478 productis
523 1402 725 1462 Romanorum
736 1403 828 1480 copiis
838 1418 902 1462 sese
916 1402 1018 1460 castris
1032 1401 1178 1460 tenebant

179 1499 251 1558 ,Hac
261 1517 292 1557 re
303 1511 456 1576 perspecta
467 1499 598 1573 Crassus,
609 1521 676 1560 cum
688 1521 739 1560 sua
749 1502 933 1560 cunctatione
941 1509 1027 1576 atque
1038 1498 1179 1575 opinione

178 1598 295 1657 timoris
322 1597 422 1658 hostes
452 1609 570 1658 nostros
600 1601 704 1659 milites
737 1600 891 1658 alacriores
920 1587 957 1657 ad
985 1597 1179 1675 pugnandum

141 1715 171 1768 ¹5
184 1697 357 1768 effecissent,
369 1707 455 1774 atque
470 1698 603 1764 omnium
614 1716 700 1757 voces
712 1699 885 1769 audirentur,
897 1697 1059 1773 exspectari
1073 1697 1180 1756 diutius

185 1813 247 1852 non
260 1805 404 1871 oportere,
416 1796 487 1873 quin
506 1795 544 1854 ad
557 1806 651 1854 castra
668 1797 762 1868 iretur,
777 1787 943 1854 cohortatus
958 1813 1028 1854 suos
1043 1795 1181 1854 omnibus

185 1893 367 1970 cupientibus
388 1896 426 1954 ad
446 1894 574 1954 hostium
595 1905 689 1961 castra
709 1894 868 1953 contendit.
910 1901 962 1954 25.
984 1893 1029 1952 Ibi
1046 1912 1116 1952 cum
1132 1893 1182 1951 alii

185 1991 280 2074 fossas
299 1993 486 2070 complerent,
501 1993 548 2052 alii
566 1993 664 2052 multis
683 1993 746 2052 telis
767 1993 907 2052 coniectis
926 1991 1093 2050 defensores
1106 1990 1181 2050 vallo

185 2091 453 2168 munitionibusque
464 2092 648 2169 depellerent,
661 2092 877 2169 auxiliaresque,
886 2091 990 2168 quibus
1002 2088 1040 2148 ad
1049 2109 1090 2166 pu
1112 2107 1183 2166 nam

142 2213 173 2248 ιο
186 2207 246 2247 ιιοιι
260 2190 383 2249 multum
400 2191 523 2251 Crassus
542 2192 714 2263 confidebat,
730 2190 874 2280 lapidibus
890 2191 1011 2266 telisque
1020 2205 1061 2263 ‚su
1079 2108 1182 2248 dinis·

186 2288 296 2346 trandis
310 2297 339 2346 et
353 2289 390 2347 ad
404 2308 541 2365 aggerem
555 2291 712 2367 cespitibus
726 2253 944 2367 compostandis
956 2289 1084 2364 speciem
1093 2298 1182 2364 atque

186 2386 357 2461 opinionem
368 2387 561 2462 pugnantium
574 2389 754 2464 praeberent,
765 2405 832 2446 cum
843 2387 910 2445 item
921 2388 958 2446 ab
968 2386 1100 2445 hostibus
1110 2403 1183 2445 con·

187 2495 294 2546 stanter
315 2503 350 2544 ac
370 2503 430 2543 non
448 2485 548 2544 timide
569 2496 745 2563 pugnaretur
762 2487 876 2562 telaque
892 2505 931 2544 ex
948 2487 1016 2545 loco
1035 2486 1184 2562 superiore

186 2584 275 2642 missa
286 2601 347 2642 non
357 2582 461 2642 frustra
471 2584 643 2656 acciderent,
655 2586 765 2662 equites
776 2585 930 2644 circumitis
944 2585 1070 2644 hostium
1082 2587 1184 2644 castris

142 2701 171 2754 25
187 2679 295 2740 Crasso
306 2682 538 2742 renuntiaverunt
549 2701 610 2742 non
621 2683 725 2742 eadem
736 2702 800 2742 esse
814 2684 962 2760 diligentia
973 2685 1009 2744 ab
1021 2685 1184 2744 decumana

182 2792 271 2858 porta
285 2790 379 2840 castra
392 2781 502 2840 munita
516 2781 688 2858 facilemque
702 2783 812 2841 aditum
826 2782 942 2842 habere.
984 2789 1037 2842 26.
1060 2782 1184 2842 Crassus

182 2881 315 2957 equitum
333 2879 494 2956 praefectos
513 2880 689 2952 cohortatus
704 2889 736 2938 ut
753 2881 868 2956 magnis
885 2881 1021 2957 praemiis
1042 2880 1185 2959 pollicita·

184 2981 370 3057 tionibusque
388 2997 457 3038 suos
476 2979 642 3049 excitarent,
656 2978 727 3056 quid
746 2978 806 3036 fieri
820 2978 894 3050 velit,
909 2978 1043 3038 ostendit.
1084 2978 1138 3051 Illi,
1153 2989 1186 3038 ut

184 3088 248 3138 erat
261 3079 441 3154 imperatum,
457 3078 567 3137 eductis
586 3079 622 3136 iis
636 3076 810 3148 cohortibus,
825 3095 899 3152 quae
916 3078 1063 3154 praesidio
1082 3077 1186 3136 castris

141 3199 174 3249 5⁰
186 3177 302 3236 relictae
322 3177 444 3252 intritae,
455 3177 492 3234 ab
512 3175 612 3235 labore
632 3186 723 3246 erant,
742 3185 771 3232 et
789 3175 920 3251 longiore
941 3176 1042 3236 itinere
1063 3176 1187 3235 circum·

188 3276 289 3347 ductiS,
304 3294 341 3334 ne
355 3294 391 3334 ex
405 3274 533 3334 hostium
548 3276 647 3334 castris
658 3275 789 3350 conspici
802 3285 931 3350 possent,
946 3277 1079 3334 omnium
1093 3275 1187 3335 oculis

187 3375 389 3450 mentibusque
409 3374 447 3432 ad
465 3392 596 3451 pugnam
614 3375 731 3433 intentis
750 3373 878 3434 celeriter
897 3375 934 3432 ad
952 3392 1011 3445 eas,
1026 3392 1099 3451 quas
1113 3373 1188 3434 dixi·

187 3489 261 3541 mus,
286 3473 462 3532 munitiones
490 3483 681 3549 pervenerunt
709 3483 796 3550 atque
822 3474 868 3534 his
895 3474 1020 3552 prorutis
1047 3474 1127 3550 prius
1155 3474 1187 3532 in
