2686 3910
208 173 267 240 ¹90
611 170 647 221 A.
670 171 795 218 nrarrr
1128 168 1201 214 vm.

205 331 392 396 cognossent,
409 321 497 380 duces
516 321 737 381 Bellovacorum
758 322 837 380 veriti
857 321 981 381 similem
1000 319 1202 379 obsessionem

205 420 320 478 Alesiae
350 430 438 478 noctu
466 421 612 479 dimittunt
640 439 699 491 eos
726 439 800 497 quos
826 431 875 479 aut
903 430 994 478 aetate
1022 428 1071 476 aut
1095 417 1202 474 viribus

205 518 354 577 inferiores
369 529 418 578 aut
428 520 553 577 inermes
567 519 721 590 habebant,
733 538 849 596 unaque
864 520 972 596 reliqua
985 517 1202 594 impedimenta,

206 616 340 688 Quorum
369 620 565 695 perturbatum
594 627 622 677 et
646 617 800 676 confusum
826 619 895 676 dum
924 617 1069 692 explicant
1096 631 1203 690 agmen

178 713 328 793 5(magna
356 717 433 775 enim
461 716 614 774 multitudo
643 735 789 775 carrorum
819 718 906 774 etiam
940 715 1091 792 expeditos
1120 712 1203 788 sequi

207 813 308 875 Gallos
327 816 498 887 consuevit),
517 817 651 892 oppressi
669 816 734 874 luce
752 817 852 892 copias
874 825 1050 873 armatorum
1070 829 1123 888 pro
1144 811 1203 868 suis

206 914 351 971 instruunt
372 915 481 985 castris
504 932 541 971 ne
562 915 642 990 prius
664 915 792 973 Romani
814 915 949 991 persequi
978 932 1009 972 se
1032 911 1203 986 inciperent,

206 1030 294 1088 quam
309 1013 424 1087 longius
445 1030 552 1087 agmen
571 1012 846 1088 impedimentorum
866 1029 985 1070 suorum
1005 1009 1204 1086 processisset.

206 1112 263 1169 At·
282 1110 389 1169 Caesar
423 1129 518 1187 neque
554 1113 720 1171 resistentes
755 1112 969 1189 aggrediendus
1004 1119 1087 1168 tanto
1122 1107 1204 1165 collis

165 1249 194 1282 ,ο
207 1228 330 1269 ascensu
345 1211 498 1281 iudicabat,
513 1229 609 1286 neque
624 1229 684 1269 non
698 1230 790 1288 usque
805 1230 841 1270 eo
850 1212 981 1288 legiones
996 1206 1203 1276 admovendas

206 1318 237 1366 ut
249 1308 398 1366 discedere
412 1327 448 1366 ex
464 1326 499 1366 eo
514 1309 579 1367 loco
595 1311 657 1367 sine
672 1311 801 1386 periculo
815 1310 928 1368 barbari
943 1309 1079 1366 militibus
1094 1307 1203 1364 instan-

207 1408 282 1465 tibus
316 1426 377 1466 non
405 1418 533 1483 possent.
578 1409 632 1478 Ita,
661 1428 728 1467 cum
757 1409 862 1485 palude
890 1407 1030 1485 impedita
1057 1425 1075 1463 a
1103 1405 1204 1464 castris

208 1514 301 1562 castra
322 1504 409 1564 dividi
431 1506 546 1578 videret,
569 1525 644 1583 quae
665 1508 834 1566 transeundi
855 1507 1007 1566 difficultas
1029 1504 1204 1564 celeritatem

208 1606 380 1681 insequendi
413 1605 525 1664 tardare
554 1617 662 1682 posset,
692 1617 778 1683 atque
806 1607 837 1665 id
869 1609 979 1682 iugum,
1012 1604 1204 1696 quod-trans

165 1742 194 1791 ,5
208 1703 345 1779 paludem
363 1722 457 1780 paene
476 1703 513 1762 ad
532 1704 659 1763 hostium
680 1715 772 1764 castra
791 1707 955 1782 pertineret,
975 1703 1114 1763 mediocri
1131 1701 1204 1760 valle

209 1802 349 1860 acastris
383 1820 485 1860 eorum
514 1803 680 1862 intercisum
716 1807 846 1863 animum
871 1805 1038 1874 adverteret,
1062 1803 1203 1879 pontibus

209 1901 314 1978 palude
336 1911 483 1960 constrata
503 1902 634 1978 legiones
655 1903 778 1961 traducit
799 1903 985 1980 celeriterque
1006 1903 1037 1959 in
1059 1917 1204 1960 summam

209 2000 363 2076 planiciem
380 2001 439 2076 iugi
460 2001 598 2076 prevenit,
617 2020 692 2078 quae
714 2001 815 2060 declivi
835 2003 951 2077 fastigio
973 2001 1088 2059 duobus
1109 2000 1147 2058 ab
1164 1999 1205 2056 la-

209 2101 317 2164 teribus
345 2099 535 2157 muniebatur.
579 2099 624 2157 lbi
648 2100 812 2176 legionibus
838 2099 983 2159 instructis
1009 2099 1046 2158 ad
1072 2099 1205 2156 ultimum

167 2233 197 2268 ,ο
210 2199 311 2273 iugum
328 2199 458 2273 pervenit
477 2199 628 2275 aciemque
650 2216 685 2256 eo
700 2198 766 2257 loco
786 2199 942 2268 constituit,
962 2197 1040 2256 unde
1058 2206 1204 2256 tormento

209 2298 300 2354 missa
316 2297 372 2355 tela
395 2300 425 2356 in
445 2297 572 2354 hostium
598 2315 708 2355 cuneos
731 2298 825 2355 conici
844 2307 983 2372 possent„
1016 2302 1063 2354 15.
1086 2295 1205 2352 Barbari

211 2393 313 2451 conlisi
337 2395 394 2452 loci
418 2406 520 2451 natura
545 2413 611 2452 cum
638 2395 775 2453 dimicare
800 2414 860 2454 non
883 2404 1058 2466 recusarent,
1084 2395 1108 2452 si
1133 2392 1206 2452 forte

211 2491 339 2548 Romani
354 2492 449 2549 subire
464 2491 569 2550 collem
584 2503 765 2564 conarentur,
777 2494 914 2570 paulatim
926 2495 1027 2570 copias
1040 2493 1206 2552 distributas

212 2590 354 2648 dimittere
376 2589 437 2648 non
461 2599 589 2665 possent,
615 2609 652 2648 ne
678 2591 800 2668 dispersi
824 2595 1064 2669 perturbarentur,
1090 2593 1120 2649 in
1145 2592 1207 2649 acie

169 2721 198 2770 ²5
212 2698 441 2764 permanserunt.
483 2687 618 2758 Quorum
642 2690 799 2764 pertinacia
827 2692 943 2767 cognita
971 2691 1079 2750 Caesar
1105 2691 1206 2766 viginti

212 2786 380 2844 cohortibus
401 2787 546 2845 instructis
564 2789 721 2863 castrisque
740 2807 777 2846 eo
791 2789 858 2848 loco
873 2791 988 2848 metatis
1009 2791 1113 2848 muniri
1127 2790 1207 2847 iubet

213 2893 314 2942 castra.
356 2885 507 2944 Absolutis
535 2888 671 2961 operibus
705 2905 758 2964 pro
786 2888 860 2946 vallo
890 2888 1020 2964 legiones
1054 2889 1208 2946 instructas

149 3025 151 3031 ι
213 2983 345 3053 collocat,
365 2985 476 3060 equites
497 2984 614 3044 frenatis
633 2988 715 3062 equis
736 2988 767 3044 in
791 2987 913 3044 statione
931 2987 1068 3063 disponit.
1110 2987 1207 3046 Bello·

213 3083 284 3153 vaci,
300 3101 367 3140 cum
382 3081 536 3142 Romanos
555 3083 592 3142 ad
607 3084 819 3160 insequendum
834 3095 952 3160 paratos
967 3087 1096 3144 viderent
1110 3103 1207 3161 neque

168 3187 200 3255 30
212 3191 383 3256 pernoctare
403 3192 451 3239 aut
470 3183 575 3240 diutius
596 3202 767 3259 permanere
787 3185 849 3242 sine
868 3185 997 3260 periculo
1017 3184 1121 3243 eodem
1138 3184 1207 3243 loco

213 3290 342 3352 possent,
360 3280 416 3338 tale
436 3281 589 3339 consilium
608 3281 652 3339 sui
672 3282 830 3357 recipiendi
849 3293 994 3358 ceperunt
1037 3283 1152 3354 Fasces
1174 3294 1207 3341 ut

212 3388 421 3436 consueverant
452 3381 591 3456 (namque
619 3379 649 3436 in
677 3379 738 3438 acie
772 3381 871 3439 sedere
900 3380 1002 3440 Gallos
1035 3399 1203 3452 consuesse,

213 3475 407 3548 superioribus
436 3477 651 3536 commentariis
683 3477 816 3538 Caesaris
851 3478 1027 3539 declaratum
1062 3476 1118 3558 est)
1154 3498 1207 3556 per
