2650 3918
132 213 226 302 8-9.
347 232 393 280 ur
414 233 698 283 arrroorrrrco
720 225 830 286 comm.
857 235 902 284 rr.
959 197 968 219 ¹
1065 235 1125 303 117

130 377 313 440 simulatione
331 381 440 442 itineris
461 384 574 460 placide
597 386 842 461 progrediebatur.
886 385 966 446 Tum
986 387 1126 462 praemis·
1165 402 1167 406 ’

130 478 170 537 sis
183 481 304 554 paulum
318 482 532 558 impedimentis
552 493 638 560 atque
652 485 682 542 in
700 485 810 543 tumulo
825 485 955 561 quodam
970 484 1125 553 collocatis

131 576 292 650 ‘Habetis’
313 581 413 658 inquit,
437 582 567 653 ‘milites
586 601 675 659 quam
696 584 814 659 petistis
837 583 882 642 lac
912 592 1018 641 tatem:
1046 583 1126 642 host-

130 693 178 733 em
203 678 344 754 impedito
367 690 453 756 atque
474 681 573 758 iniquo
597 681 664 739 loco
688 682 808 740 tenetis:
835 645 980 758 praesidte
1001 681 1126 740 eandem

130 776 216 834 nobis
236 777 359 836 ducibus
378 779 518 850 virtutem,
533 797 621 856 quam
635 797 847 856 saepenumero
865 779 1030 856 imperatori
1044 795 1126 855 prae·
1139 788 1154 838 5

131 875 248 946 stitistis,
261 885 347 954 atque
361 878 441 936 illum
455 879 557 938 adesse
571 888 599 937 et
612 879 775 992 haepm
700 897 800 937 coram
815 895 931 988 cernere
930 876 1125 989 quistimate!
1150 889 1184 920 (ιι
1190 899 1204 912 ι
1213 875 1228 914 ὅ

1155 943 1255 978 law*

132 973 224 1032 Simul
249 975 349 1092 sigpa
355 976 398 1074 ad
417 976 531 1036 hostem
557 987 685 1036 converti
703 955 893 1053 acremqlre
906 947 967 1051 igi
982 969 1073 1033 iubet
1097 983 1127 1034 et
1162 993 1185 1034 ι
1194 996 1227 1020 ει
1250 995 1274 1018 ι*

130 1074 232 1148 paucis
257 1039 364 1134 turmis
377 1049 523 1153 praesidio
548 1078 586 1136 ad
614 1077 822 1152 impedimenta
850 1076 976 1135 dimissis
1000 1075 1126 1151 reliquos

131 1173 243 1248 equites
262 1147 407 1234 adlatt‘ra
426 1177 561 1252 disponit.
603 1175 741 1234 Celeriter
752 1175 850 1294 ιιοιιιι
869 1174 995 1233 clamore
1013 1173 1125 1232 sublato

130 1271 215 1347 pila
207 1291 237 1329 m
257 1273 356 1334 hostes
375 1277 547 1380 ιιιιιιιιιῑιιιιιιι
557 1275 633 1433 dIlli
648 1276 698 1334 ubi
712 1253 835 1351 liiidie?
843 1292 925 1350 spem
940 1291 1014 1350 quos
1028 1273 1173 1378 fugerem

131 1371 299 1431 credebant'
306 1339 497 1433 inlisnsm
438 1339 585 1451 signisad
605 1394 635 1434 se
652 1376 692 1434 ire
713 1375 853 1443 viderunt,
875 1374 1017 1449 impetum
1037 1340 1174 1430 inodo

130 1469 203 1528 ferre
226 1489 286 1529 non
307 1484 464 1548 potuerunt
485 1492 519 1532 ac
543 1475 639 1550 primo
663 1490 808 1532 concursu
827 1473 858 1530 in
879 1471 980 1547 sugam
1005 1470 1130 1530 coniecti

131 1570 279 1676 ιιιιιιιιιιιιε
307 1571 391 1631 silvas
417 1573 568 1648 petierunt
611 1573 696 1645 Quos
726 1570 873 1629 Labienus
900 1570 1029 1646 equitatu
1058 1586 1130 1627 con-

131 1633 256 1726 sectatus
271 1686 380 1745 magno
395 1689 517 1729 numero
537 1671 694 1741 interfecto,
710 1669 907 1746 compluribus
921 1668 1014 1744 captis
1028 1666 1129 1742 paucis

131 1775 199 1839 post
222 1765 324 1825 diebus
347 1767 490 1827 civitatem
514 1771 629 1846 recepit.
672 1769 751 1827 Nam
779 1767 928 1838 Germani,
949 1767 999 1842 qui
1022 1764 1128 1823 auxilio
1143 1777 1172 1830 15

131 1864 294 1934 veniebant,
320 1875 457 1942 percepta
481 1868 675 1927 Treverorum
699 1867 768 1943 suga
793 1884 858 1926 sese
882 1864 1004 1923 domum
1028 1881 1129 1938 recep.-

131 1971 223 2019 erunt.
280 1960 356 2022 Cum
391 1965 435 2023 his
433 1967 637 2078 proprpqul
654 1965 749 2024 Indut'
729 1963 852 2034 tromari,
881 1963 931 2038 qui
959 1961 1129 2020 defectionis

131 2069 265 2120 auctores
287 2061 407 2134 fuerant,
423 2053 551 2122 comitati
571 2083 623 2124 eos
642 2083 679 2123 ex
696 2064 808 2122 civitate
823 2068 1016 2120 excesserunt
1059 2057 1129 2119 Cin·

131 2158 263 2234 getorigi‚
288 2177 376 2235 quem
400 2161 438 2220 ab
463 2161 542 2220 initio
563 2162 758 2237 permansisse
780 2161 810 2220 in
831 2158 927 2217 officio
948 2157 1129 2217 demonstra-

132 2257 233 2325 vimus,
249 2257 426 2333 principatus
441 2270 527 2335 atque
541 2259 695 2335 imperium
710 2268 754 2317 est
768 2259 911 2317 traditum.
1144 2287 1182 2322 ao

173 2363 204 2414 9.
227 2353 343 2427 Caesar,
371 2366 527 2432 postquam
559 2375 596 2416 ex
629 2357 774 2433 Menapiis
802 2358 832 2414 in
863 2355 1008 2414 Treveros
1042 2352 1127 2425 venit,

57 2482 59 2486 ⁷
133 2455 247 2513 duabus
269 2454 305 2512 de
327 2455 421 2513 causis
443 2454 580 2514 Rhenum
601 2457 720 2515 transire
742 2456 905 2527 constituit3
928 2471 1050 2532 quarum
1069 2471 1130 2513 una

132 2565 201 2625 erat,
227 2554 308 2630 quod
332 2554 437 2612 auxilia
460 2564 564 2613 contra
589 2573 620 2614 se
644 2555 777 2614 Treveris
799 2555 944 2624 miserant,
969 2542 1065 2624 alterass
1091 2571 1129 2611 ne

132 2653 169 2712 ad
189 2670 240 2711 eos
261 2652 413 2710 Ambiorix
434 2661 582 2728 receptum
604 2653 731 2711 haberet.
773 2653 831 2712 His
853 2651 1015 2711 constitutis
1040 2651 1129 2710 rebus

132 2751 251 2828 paulurn
272 2769 360 2826 supra
380 2769 448 2810 eum
469 2750 574 2821 locum,
596 2769 658 2827 quo
680 2761 747 2809 ante
771 2751 929 2810 exercitum
957 2748 1128 2824 traduxerat,
1144 2773 1173 2828 25

132 2849 225 2908 faeere
240 2848 509 3004 pontppqlsinstituit.
551 2847 673 2908 Notat
645 2858 673 2907 at
674 2868 731 2925 que
751 2852 795 2909 ins
796 2851 882 2908 tituta
895 2849 1006 2906 ratione
1020 2864 1129 2921 magno

132 2947 256 3006 militum
266 2957 311 3004 stu
332 2964 360 3004 10
372 2947 473 3022 paucis
485 2947 587 3006 diebus
596 2965 672 3024 opus
682 2947 811 3006 efficitur
846 2947 963 3006 Firmo
956 2965 987 3004 m
995 2944 1130 3003 Treveris

132 3046 171 3105 ad
194 3055 316 3121 pontem
338 3045 484 3120 praesidio
506 3046 615 3117 relicto,
637 3064 675 3104 ne
699 3047 765 3122 quis
790 3048 828 3105 ab
851 3045 896 3104 his
917 3045 1012 3104 subito
1033 3049 1130 3112 motus

133 3153 268 3213 oreretur,
290 3142 414 3219 reliquas
435 3144 535 3218 copias
560 3144 777 3220 equitatumque
806 3145 936 3203 traducit.
978 3140 1055 3210 Ubii,
1081 3114 1131 3214 qui

133 3252 199 3301 ante
220 3241 339 3299 obsides
360 3240 500 3300 dederant
521 3253 608 3318 atque
629 3243 659 3299 in
681 3242 860 3302 deditionem
881 3249 1027 3308 venerant,
1043 3255 1131 3313 purg·
1145 3265 1177 3315 30

133 3340 201 3399 andi
224 3340 267 3398 sui
288 3356 376 3398 causa
395 3338 433 3396 ad
454 3355 522 3397 eum
542 3341 655 3415 legatos
676 3342 801 3412 mittunt,
818 3341 868 3417 qui
889 3339 1014 3398 doceant
1034 3354 1130 3412 neque

134 3440 239 3498 auxilia
252 3456 290 3496 ex
308 3455 360 3496 sua
379 3437 490 3497 civitate
510 3439 540 3496 in
558 3438 703 3498 Treveros
722 3441 811 3498 missa
830 3457 925 3513 neque
945 3438 982 3495 ab
1000 3453 1031 3492 se
1045 3433 1133 3493 fidem

133 3538 258 3600 laesam:
286 3545 388 3612 petunt
416 3546 502 3616 atque
530 3546 621 3610 orant,
647 3547 678 3596 ut
707 3539 761 3596 sibi
788 3546 895 3620 parcat,
918 3554 956 3594 ne
985 3536 1134 3594 communi
