2650 3918
119 213 256 282 12-15.
372 213 418 261 DE
441 203 553 262 BELLO
575 213 726 263 statmo
750 211 860 263 cOMM.
882 214 929 266 IV.
1076 203 1118 279 71-

115 353 295 432 principibus
317 355 532 434 maioribusque
557 366 627 415 natu
651 356 787 434 adhihitis
809 356 847 416 ad
870 373 938 414 eum
963 345 994 413 iri
1023 363 1116 414 castra

114 463 263 525 venerunt,
275 455 368 524 simul,
379 464 411 512 ut
426 454 583 526 dicebatur,
596 419 795 531 sut⁷phr³gt1idi
806 471 902 526 causa,
914 455 995 531 quod
1006 461 1121 525 contra,

115 563 203 629 atque
228 562 305 612 esset
330 553 439 612 dictum
461 562 490 612 et
511 553 565 629 ipsi
585 555 735 630 petissent,
755 553 899 630 proelium
920 552 1017 650 pridiq.
1028 565 1124 707 pugni-s

115 650 272 722 misissent,
296 651 381 710 simul
408 660 448 723 ut,
475 653 499 710 si
527 652 597 729 quid
624 661 754 728 possent,
777 651 814 710 de
843 651 961 709 indutiis
989 635 1116 710 falendo

115 749 311 827 impetrarent.
356 749 441 823 Quos
461 752 515 810 sibi
535 749 644 810 Caesar
662 750 777 809 oblatos
794 750 909 826 gavisus
923 749 988 808 illos
1002 749 1147 812 retineris
1243 815 1247 823 ,

115 847 206 920 iussit,
227 851 291 925 ipse
310 865 414 908 omnes
434 851 533 927 copias
551 850 651 908 castris
672 850 772 908 eduxit
790 848 1015 925 equitatumque,
1036 845 1116 923 quod

116 947 225 1005 recenti
244 947 355 1023 proelio
375 949 556 1024 perterritum
570 965 633 1008 esse
652 947 843 1018 existimabat,
857 943 964 1023 agmen
979 945 1116 1022 subsequi

116 1045 206 1103 iussit.
247 1051 297 1104 14.
319 1045 392 1105 Acie
417 1046 520 1122 triplici
548 1047 676 1105 instituta
704 1056 733 1105 et
761 1046 889 1104 celeriter
916 1059 976 1102 vnr
1004 1029 1116 1102 milium

115 1143 218 1202 itinere
233 1145 368 1203 confecto
382 1146 461 1221 prius
476 1145 514 1204 ad
532 1145 661 1204 hostium
675 1156 768 1205 castra
781 1145 919 1222 pervenit,
934 1158 1030 1220 quam,
1045 1141 1115 1220 quid

116 1201 258 1318 ignitur,
273 1242 414 1302 Germani
436 1245 542 1303 sentire
563 1255 693 1320 possent.
736 1243 796 1316 Qui
814 1244 950 1302 omnibus
969 1243 1055 1302 rebus
1067 1255 1116 1300 su·
1130 1259 1160 1296 ιο
1237 1317 1240 1328 1

116 1342 177 1400 bito
192 1343 332 1417 perterriti
347 1352 375 1401 et
389 1343 532 1402 celeritate
547 1344 688 1402 adventus
699 1343 789 1402 nostri
804 1352 831 1400 et
843 1343 972 1402 discessu
986 1353 1114 1401 suorum,

117 1457 212 1516 neque
224 1441 335 1498 consilii
346 1438 472 1500 habendi
483 1459 578 1517 neque
598 1458 679 1499 arma
696 1440 830 1518 capiendi
844 1441 938 1519 spatio
957 1439 1035 1510 dato,
1050 1457 1114 1516 per-

117 1538 275 1608 turbantur,
291 1539 429 1615 copiasne
445 1539 582 1598 adversus
599 1538 714 1617 hostem
729 1537 843 1610 ducere,
858 1557 897 1596 an
910 1547 1004 1597 castra
1015 1538 1114 1597 defen-

117 1636 194 1708 dere,
209 1655 248 1694 an
262 1636 332 1713 fuga
344 1637 469 1696 salutem
483 1647 581 1714 petere
595 1611 760 1714 piaiitmet.
803 1637 938 1709 Quomm
949 1638 1036 1696 timor
1047 1649 1115 1696 cum

117 1735 232 1794 fremitu
253 1745 282 1794 et
303 1754 447 1795 concursu
467 1737 683 1814 significaretur,
698 1736 802 1794 milites
821 1736 912 1794 nostri
929 1736 1040 1812 pristini
1057 1735 1114 1794 diei
1130 1752 1157 1802 15

116 1833 238 1910 perfidia
251 1834 360 1893 incitati
374 1836 404 1892 in
424 1843 517 1894 castra
530 1835 700 1912 irruperunt.
725 1833 813 1923 sQuo
832 1833 899 1892 loco
918 1835 968 1909 qui
987 1834 1116 1893 celeriter

116 1949 197 1990 arma
209 1950 313 2008 capere
324 1942 489 2008 potuerunt,
500 1933 646 2010 paulisper
656 1903 762 1991 nhitr'is
772 1933 934 1990 restiterunt
946 1941 1031 2007 atque
1041 1933 1116 1991 inter

117 2047 215 2092 carros
224 2031 488 2108 impedimentaque
497 2031 639 2108 proelium
649 2031 867 2088 commiserunt:
883 2038 912 2088 at
920 2031 1030 2106 reliqua
1039 2031 1114 2088 mul·

116 2129 209 2188 titudo
224 2129 380 2206 puerorum
395 2130 604 2206 mulierumque
620 2132 701 2204 (nam
716 2145 784 2187 cum
802 2130 938 2187 omnibus
954 2129 1012 2186 suis
1024 2127 1115 2187 domo

117 2237 301 2287 excesserant
312 2227 506 2304 Rhenumque
517 2224 700 2301 transierant)
713 2211 822 2303 passim
833 2225 934 2302 sugere
945 2226 1056 2302 coepit;
1077 2227 1114 2286 ad
1129 2245 1160 2279 ro

106 2345 192 2403 quos
215 2326 430 2386 consectandos
454 2325 564 2385 Caesar
591 2326 750 2401 equitatum
777 2325 862 2384 misit.
904 2331 952 2384 15.
975 2323 1114 2384 Germani

116 2434 184 2502 post
198 2435 312 2500 tergum
323 2424 450 2483 clamore
465 2425 573 2496 audit0,
585 2426 735 2488 cumsuos
749 2423 867 2482 interfici
878 2424 1015 2495 viderent,
1027 2425 1114 2484 annis

116 2523 237 2582 abiectis
256 2523 405 2599 signisque
423 2523 591 2582 militaribus
613 2523 717 2582 relictis
736 2541 768 2582 se
787 2539 824 2581 ex
843 2523 942 2582 castris
960 2523 1114 2595 eiecemnt,

115 2635 144 2682 et
159 2641 228 2683 cum
243 2623 281 2681 ad
296 2623 493 2682 confluentem
508 2621 612 2681 Mosae
627 2632 656 2681 et
675 2621 772 2682 Rheni
786 2623 991 2698 pervenissent,
1005 2622 1115 2700 reliqua

115 2721 185 2799 fuga
200 2721 353 2797 desperata
366 2739 477 2796 magno
494 2739 617 2780 numero
632 2721 781 2780 interfecto
795 2721 896 2798 reliqui
916 2739 948 2780 se
962 2721 992 2778 in
1006 2721 1115 2779 flumen
1130 2734 1158 2785 25

114 2821 378 2899 praecipitaverunt
405 2830 492 2896 atque
519 2821 559 2878 ibi
587 2822 699 2891 timore,
727 2821 904 2892 lassitudine,
932 2821 960 2878 vi
987 2820 1114 2879 fluminis

114 2919 249 2998 oppressi
265 2919 419 2994 perierunt.
461 2917 561 2976 Nostri
576 2918 618 2982 ,ad
636 2937 728 2977 unum
746 2937 850 2978 omnes
869 2919 1030 2978 incolmnes
1049 2937 1115 2996 per-

87 3012 385 3136 efflaussisvulnefatis
400 3013 522 3070 extanti
541 3013 731 3116 billiilffssfe’
747 3030 813 3070 cum
832 3013 960 3070 hostium
977 3030 1114 3070 numerus

18 3139 21 3146 ⁴
73 3082 81 3130 ³
114 3077 245 3190 capilum
270 3126 409 3168 ccccxxx
434 3110 554 3168 milium*
570 3106 679 3182 fuisset,
706 3129 737 3169 se
765 3111 795 3168 in
818 3120 911 3168 castra
935 3117 1113 3186 receperunt.

115 3212 224 3271 Caesar
245 3210 291 3281 iis,
305 3227 380 3284 quos
400 3209 430 3266 in
450 3209 551 3268 castris
572 3209 735 3279 retinuerat,
750 3207 919 3267 discedendi
940 3215 1114 3285 potestatem
1129 3223 1161 3273 30

77 3305 82 3311 ’
114 3311 189 3370 lecit.
233 3307 278 3366 llli
307 3307 449 3384 supplicia
477 3308 676 3383 cruciatusque
701 3305 852 3366 Gallorum
876 3307 965 3376 veriti,
991 3319 1115 3380 quorum
1189 3344 1196 3354 x

114 3428 201 3486 agros
229 3415 414 3477 vexaverant,
438 3423 589 3465 remanere
614 3425 645 3465 se
670 3406 749 3483 apud
777 3425 845 3465 eum
872 3404 943 3463 velle
972 3403 1114 3463 dixerunt.

116 3509 174 3569 His
189 3508 301 3568 Caesar
314 3507 475 3565 libertatem
489 3507 640 3566 concessit.
